
<record>
  <leader>03001cam a22003617i 4500</leader>
  <controlfield tag="001">19417133</controlfield>
  <controlfield tag="005">20200103150939.0</controlfield>
  <controlfield tag="008">161220s2016    be a          000 0 dut  </controlfield>
  <datafield tag="906" ind1=" " ind2=" ">
    <subfield code="a">7</subfield>
    <subfield code="b">cbc</subfield>
    <subfield code="c">origres</subfield>
    <subfield code="d">3</subfield>
    <subfield code="e">ncip</subfield>
    <subfield code="f">20</subfield>
    <subfield code="g">y-gencatlg</subfield>
  </datafield>
  <datafield tag="925" ind1="0" ind2=" ">
    <subfield code="a">acquire</subfield>
    <subfield code="b">1 shelf copy</subfield>
    <subfield code="x">policy default</subfield>
  </datafield>
  <datafield tag="955" ind1=" " ind2=" ">
    <subfield code="b">BD25 2017-04-21</subfield>
    <subfield code="b">bc12 2018-07-11 z-processor (telework)</subfield>
    <subfield code="i">bc12 2018-08-20 (telework)</subfield>
  </datafield>
  <datafield tag="010" ind1=" " ind2=" ">
    <subfield code="a">  2016519467</subfield>
  </datafield>
  <datafield tag="020" ind1=" " ind2=" ">
    <subfield code="a">9789022333426</subfield>
  </datafield>
  <datafield tag="020" ind1=" " ind2=" ">
    <subfield code="a">9022333426</subfield>
  </datafield>
  <datafield tag="040" ind1=" " ind2=" ">
    <subfield code="a">DLC</subfield>
    <subfield code="b">eng</subfield>
    <subfield code="e">rda</subfield>
    <subfield code="c">DLC</subfield>
  </datafield>
  <datafield tag="050" ind1="0" ind2="0">
    <subfield code="a">PT6467.14.E45</subfield>
    <subfield code="b">B57 2016</subfield>
  </datafield>
  <datafield tag="100" ind1="1" ind2=" ">
    <subfield code="a">Deprez, Wouter,</subfield>
    <subfield code="e">author.</subfield>
  </datafield>
  <datafield tag="245" ind1="1" ind2="0">
    <subfield code="a">Bloemen, bijen &amp; borstbollen /</subfield>
    <subfield code="c">Wouter Deprez ; met tekeningen van Randall Casaer.</subfield>
  </datafield>
  <datafield tag="250" ind1=" " ind2=" ">
    <subfield code="a">Eerste druk.</subfield>
  </datafield>
  <datafield tag="264" ind1=" " ind2="1">
    <subfield code="a">Antwerpen :</subfield>
    <subfield code="b">Uitegeverij 3,</subfield>
    <subfield code="c">2016.</subfield>
  </datafield>
  <datafield tag="264" ind1=" " ind2="4">
    <subfield code="a">©2016.</subfield>
  </datafield>
  <datafield tag="300" ind1=" " ind2=" ">
    <subfield code="a">74 pages :</subfield>
    <subfield code="b">illustrations (some color) ;</subfield>
    <subfield code="c">22 cm +</subfield>
    <subfield code="e">1 audio disc (4 3/4 in.)</subfield>
  </datafield>
  <datafield tag="336" ind1=" " ind2=" ">
    <subfield code="a">text</subfield>
    <subfield code="b">txt</subfield>
    <subfield code="2">rdacontent</subfield>
  </datafield>
  <datafield tag="336" ind1=" " ind2=" ">
    <subfield code="a">spoken word</subfield>
    <subfield code="b">spw</subfield>
    <subfield code="2">rdacontent</subfield>
  </datafield>
  <datafield tag="337" ind1=" " ind2=" ">
    <subfield code="a">unmediated</subfield>
    <subfield code="b">n</subfield>
    <subfield code="2">rdamedia</subfield>
  </datafield>
  <datafield tag="337" ind1=" " ind2=" ">
    <subfield code="a">audio</subfield>
    <subfield code="b">s</subfield>
    <subfield code="2">rdamedia</subfield>
  </datafield>
  <datafield tag="338" ind1=" " ind2=" ">
    <subfield code="a">volume</subfield>
    <subfield code="b">nc</subfield>
    <subfield code="2">rdacarrier</subfield>
  </datafield>
  <datafield tag="338" ind1=" " ind2=" ">
    <subfield code="a">audio disc</subfield>
    <subfield code="b">sd</subfield>
    <subfield code="2">rdacarrier</subfield>
  </datafield>
  <datafield tag="500" ind1=" " ind2=" ">
    <subfield code="a">Disc characteristics of accompanying audio disc: Compact disc.</subfield>
  </datafield>
  <datafield tag="520" ind1="8" ind2=" ">
    <subfield code="a">Papa, wat is onkruid?&apos; Ik leg hem uit dat onkruid bloemen zijn die maar blijven groeien, met te veel, zonder dat ze gevraagd zijn, en dat ze geen plaats en licht overlaten voor andere bloemen. Onkruid houdt niet van evenwicht. Ik schrik van de helderheid van mijn uiteenzetting. Dan besef ik dat hij geïnspireerd is door wat de dokter gisteren vertelde, over het verschil tussen goede en slechte cellen. In &apos;Bloemen, bijen &amp; borstbollen&apos; vertelt Wouter Deprez over zijn kleine biotoop: zijn tuin in de rand rond Gent. Waar hij graag de uren zoet maakt bij zijn bijenkasten en zijn zonen de kunst van het onkruid wieden bijbrengt. Waar ze samen in één richting plassen en zij onder de appelboom ligt. Zij, dat is zijn vrouw Marjan, de moeder van zijn kinderen. Ze heeft borstkanker. De tuin helpt haar en haar jongens om rust te vinden. En om het onbevattelijke te vatten. &apos;Bloemen, bijen &amp; borstbollen&apos; is een boek vol tederheid en (soms rauwe) humor, vol zoekende vragen en gevonden liefde. Randall Casaer maakte er kwetsbare tekeningen bij. &apos;Bloemen, bijen &amp; borstbollen&apos; is de neerslag van de gelijknamige voorstelling. U vindt ze als luister-cd (vol extra&apos;s!) bij dit boek. De muziek is van Ruben Focketyn. Wouter Deprez (1975) is een Vlaams komiek en cabaretier. Hij studeerde eerst Politieke en Sociale Wetenschappen en behaalde een master in de Vergelijkende Cultuurwetenschappen. Daarna volgde hij toneelschool aan het conservatorium. Hij heeft zijn sporen verdiend als schrijver. Naast artikels voor &apos;De Morgen&apos; heeft hij eveneens enkele boeken neergepend. Zo is er &apos;Wouter Deprez ontdekt de wereld&apos; (2011), waarin hij tien oprechte verhalen verzamelde die een andere kijk bieden op deze tijd.</subfield>
  </datafield>
  <datafield tag="700" ind1="0" ind2=" ">
    <subfield code="a">Randall.C,</subfield>
    <subfield code="d">1967-</subfield>
    <subfield code="e">illustrator.</subfield>
  </datafield>
  <datafield tag="923" ind1=" " ind2=" ">
    <subfield code="d">20161220</subfield>
    <subfield code="n">60041526</subfield>
    <subfield code="s">Erasmus</subfield>
  </datafield>
  <datafield tag="985" ind1=" " ind2=" ">
    <subfield code="e">VENDOR LOAD</subfield>
  </datafield>
</record>