
<record>
  <leader>02424cam a22003977i 4500</leader>
  <controlfield tag="001">19417186</controlfield>
  <controlfield tag="005">20200103150940.0</controlfield>
  <controlfield tag="008">161107t20162016be af    b    000 0 dut  </controlfield>
  <datafield tag="906" ind1=" " ind2=" ">
    <subfield code="a">7</subfield>
    <subfield code="b">cbc</subfield>
    <subfield code="c">origres</subfield>
    <subfield code="d">3</subfield>
    <subfield code="e">ncip</subfield>
    <subfield code="f">20</subfield>
    <subfield code="g">y-gencatlg</subfield>
  </datafield>
  <datafield tag="925" ind1="0" ind2=" ">
    <subfield code="a">acquire</subfield>
    <subfield code="b">1 shelf copy</subfield>
    <subfield code="x">policy default</subfield>
  </datafield>
  <datafield tag="955" ind1=" " ind2=" ">
    <subfield code="b">bc12 2018-07-09 z-processor (telework)</subfield>
    <subfield code="i">bc12 2018-08-06 (telework) (overtime)</subfield>
  </datafield>
  <datafield tag="955" ind1=" " ind2=" ">
    <subfield code="b">bd33 2017-04-20</subfield>
  </datafield>
  <datafield tag="010" ind1=" " ind2=" ">
    <subfield code="a">  2016519583</subfield>
  </datafield>
  <datafield tag="020" ind1=" " ind2=" ">
    <subfield code="a">9789463100854</subfield>
  </datafield>
  <datafield tag="020" ind1=" " ind2=" ">
    <subfield code="a">9463100857</subfield>
  </datafield>
  <datafield tag="040" ind1=" " ind2=" ">
    <subfield code="a">DLC</subfield>
    <subfield code="b">eng</subfield>
    <subfield code="e">rda</subfield>
    <subfield code="c">DLC</subfield>
  </datafield>
  <datafield tag="050" ind1="0" ind2="0">
    <subfield code="a">BL503</subfield>
    <subfield code="b">.S77 2016</subfield>
  </datafield>
  <datafield tag="100" ind1="1" ind2=" ">
    <subfield code="a">Stroeykens, Steven,</subfield>
    <subfield code="e">author.</subfield>
  </datafield>
  <datafield tag="245" ind1="1" ind2="4">
    <subfield code="a">Het einde van de wereld :</subfield>
    <subfield code="b">een geschiedenis /</subfield>
    <subfield code="c">Steven Stroeykens.</subfield>
  </datafield>
  <datafield tag="264" ind1=" " ind2="1">
    <subfield code="a">[Kalmthout] :</subfield>
    <subfield code="b">Polis,</subfield>
    <subfield code="c">[2016]</subfield>
  </datafield>
  <datafield tag="264" ind1=" " ind2="4">
    <subfield code="c">©2016</subfield>
  </datafield>
  <datafield tag="300" ind1=" " ind2=" ">
    <subfield code="a">343 pages, 16 unnumbered pages of plates :</subfield>
    <subfield code="b">illustrations (part color) ;</subfield>
    <subfield code="c">23 cm</subfield>
  </datafield>
  <datafield tag="336" ind1=" " ind2=" ">
    <subfield code="a">text</subfield>
    <subfield code="b">txt</subfield>
    <subfield code="2">rdacontent</subfield>
  </datafield>
  <datafield tag="337" ind1=" " ind2=" ">
    <subfield code="a">unmediated</subfield>
    <subfield code="b">n</subfield>
    <subfield code="2">rdamedia</subfield>
  </datafield>
  <datafield tag="338" ind1=" " ind2=" ">
    <subfield code="a">volume</subfield>
    <subfield code="b">nc</subfield>
    <subfield code="2">rdacarrier</subfield>
  </datafield>
  <datafield tag="520" ind1="8" ind2=" ">
    <subfield code="a">De apocalyps is zo oud als de wereld. Van de vroegste tijden tot heden heeft de mens zich een beeld proberen te vormen van wat er zou gebeuren als alles ten onder ging. Vroeger keken we bevreesd naar de komst van kometen of de voorspellingen van waarzeggers. Vandaag zijn we bang voor terrorisme, nucleaire dreiging en klimaatopwarming. Soms lijkt het doemdenken weer helemaal terug. Steven Stroeykens onderzoekt of we echt moeten vrezen dat het einde van de wereld zoals we die kennen eraan komt. De moderne scenario?s voor de ondergang van de wereld vertonen frappante overeenkomsten met aloude apocalyptische angsten. Steven Stroeykens gaat op zoek naar wat de wetenschap te zeggen heeft. Hoe zou dat einde er echt uit kunnen zien? Moeten we ons zorgen maken over het klimaat, muterende virussen, artificiële intelligentie en planetoïdeninslagen? Of is de angst daarvoor even irrationeel als die van middeleeuwse sekteleden die dachten dat de hemel op hun hoofd zou vallen? &apos;Het einde van de wereld&apos; is een fascinerende geschiedenis over rampen, angsten en nachtmerries.</subfield>
  </datafield>
  <datafield tag="504" ind1=" " ind2=" ">
    <subfield code="a">Includes bibliographical references (pages 335-343).</subfield>
  </datafield>
  <datafield tag="650" ind1=" " ind2="0">
    <subfield code="a">End of the world.</subfield>
  </datafield>
  <datafield tag="650" ind1=" " ind2="0">
    <subfield code="a">End of the world (Astronomy)</subfield>
  </datafield>
  <datafield tag="650" ind1=" " ind2="0">
    <subfield code="a">Eschatology</subfield>
    <subfield code="x">Biblical teaching.</subfield>
  </datafield>
  <datafield tag="650" ind1=" " ind2="0">
    <subfield code="a">Forecasting.</subfield>
  </datafield>
  <datafield tag="650" ind1=" " ind2="0">
    <subfield code="a">Apocalyptic films.</subfield>
  </datafield>
  <datafield tag="650" ind1=" " ind2="0">
    <subfield code="a">Extinction (Biology)</subfield>
  </datafield>
  <datafield tag="650" ind1=" " ind2="0">
    <subfield code="a">Nuclear energy.</subfield>
  </datafield>
  <datafield tag="923" ind1=" " ind2=" ">
    <subfield code="d">20161220</subfield>
    <subfield code="n">60041528</subfield>
    <subfield code="s">Erasmus</subfield>
  </datafield>
  <datafield tag="985" ind1=" " ind2=" ">
    <subfield code="e">VENDOR LOAD</subfield>
  </datafield>
</record>