
<record>
  <leader>03724cam a22004937i 4500</leader>
  <controlfield tag="001">19417202</controlfield>
  <controlfield tag="005">20200103150940.0</controlfield>
  <controlfield tag="008">161018t20162016be ac    bc   000 0 dut c</controlfield>
  <datafield tag="906" ind1=" " ind2=" ">
    <subfield code="a">7</subfield>
    <subfield code="b">cbc</subfield>
    <subfield code="c">pccadap</subfield>
    <subfield code="d">3</subfield>
    <subfield code="e">ncip</subfield>
    <subfield code="f">20</subfield>
    <subfield code="g">y-gencatlg</subfield>
  </datafield>
  <datafield tag="925" ind1="0" ind2=" ">
    <subfield code="a">acquire</subfield>
    <subfield code="b">1 shelf copy</subfield>
    <subfield code="x">policy default</subfield>
  </datafield>
  <datafield tag="955" ind1=" " ind2=" ">
    <subfield code="b">BD25 2017-04-11</subfield>
    <subfield code="b">bc12 2018-07-16 z-processor (telework)</subfield>
    <subfield code="i">bc12 2018-09-05 (telework)</subfield>
    <subfield code="e">bc12 2018-09-11 to BCCD (ABACheck &amp; Labeled)</subfield>
  </datafield>
  <datafield tag="010" ind1=" " ind2=" ">
    <subfield code="a">  2017370058</subfield>
  </datafield>
  <datafield tag="016" ind1="7" ind2=" ">
    <subfield code="a">101713251</subfield>
    <subfield code="2">DNLM</subfield>
  </datafield>
  <datafield tag="020" ind1=" " ind2=" ">
    <subfield code="a">9789401438728</subfield>
  </datafield>
  <datafield tag="020" ind1=" " ind2=" ">
    <subfield code="a">9401438722</subfield>
  </datafield>
  <datafield tag="035" ind1=" " ind2=" ">
    <subfield code="a">(OCoLC)ocn959365444</subfield>
  </datafield>
  <datafield tag="040" ind1=" " ind2=" ">
    <subfield code="a">NLM</subfield>
    <subfield code="b">eng</subfield>
    <subfield code="c">NLM</subfield>
    <subfield code="e">rda</subfield>
    <subfield code="d">JPG</subfield>
    <subfield code="d">OCLCF</subfield>
    <subfield code="d">WTV</subfield>
    <subfield code="d">YDX</subfield>
    <subfield code="d">BDX</subfield>
    <subfield code="d">BTCTA</subfield>
    <subfield code="d">OHX</subfield>
    <subfield code="d">ERASA</subfield>
    <subfield code="d">OCLCO</subfield>
    <subfield code="d">DLC</subfield>
  </datafield>
  <datafield tag="041" ind1="1" ind2=" ">
    <subfield code="a">dut</subfield>
    <subfield code="a">fre</subfield>
    <subfield code="a">eng</subfield>
    <subfield code="h">dut</subfield>
  </datafield>
  <datafield tag="060" ind1="0" ind2="0">
    <subfield code="a">2017 I-264</subfield>
  </datafield>
  <datafield tag="060" ind1="1" ind2="0">
    <subfield code="a">WM 49</subfield>
  </datafield>
  <datafield tag="050" ind1="0" ind2="0">
    <subfield code="a">N8217.F28</subfield>
    <subfield code="b">A53 2016</subfield>
  </datafield>
  <datafield tag="245" ind1="0" ind2="4">
    <subfield code="a">Een andere wereld :</subfield>
    <subfield code="b">laboratorium van waan en fantasie = Un autre monde = Another world /</subfield>
    <subfield code="c">Museum Dr. Guislain Gent.</subfield>
  </datafield>
  <datafield tag="246" ind1="3" ind2="1">
    <subfield code="a">Autre monde</subfield>
  </datafield>
  <datafield tag="246" ind1="3" ind2="1">
    <subfield code="a">Another world</subfield>
  </datafield>
  <datafield tag="264" ind1=" " ind2="1">
    <subfield code="a">Tielt :</subfield>
    <subfield code="b">Lannoo,</subfield>
    <subfield code="c">[2016]</subfield>
  </datafield>
  <datafield tag="264" ind1=" " ind2="4">
    <subfield code="c">©2016.</subfield>
  </datafield>
  <datafield tag="300" ind1=" " ind2=" ">
    <subfield code="a">191 pages :</subfield>
    <subfield code="b">illustrations (some color), portraits ;</subfield>
    <subfield code="c">27 cm.</subfield>
  </datafield>
  <datafield tag="336" ind1=" " ind2=" ">
    <subfield code="a">text</subfield>
    <subfield code="b">txt</subfield>
    <subfield code="2">rdacontent</subfield>
  </datafield>
  <datafield tag="337" ind1=" " ind2=" ">
    <subfield code="a">unmediated</subfield>
    <subfield code="b">n</subfield>
    <subfield code="2">rdamedia</subfield>
  </datafield>
  <datafield tag="338" ind1=" " ind2=" ">
    <subfield code="a">volume</subfield>
    <subfield code="b">nc</subfield>
    <subfield code="2">rdacarrier</subfield>
  </datafield>
  <datafield tag="500" ind1=" " ind2=" ">
    <subfield code="a">Catalog of an exhibition held at Museum Dr. Guislain, Gent, Oct. 22, 2016-May 28, 2017.</subfield>
  </datafield>
  <datafield tag="504" ind1=" " ind2=" ">
    <subfield code="a">Includes bibliographical references.</subfield>
  </datafield>
  <datafield tag="505" ind1="0" ind2=" ">
    <subfield code="a">Een andere wereld = Un autre monde = Another world / Patrick Allegaert, Arout De Cleene, Yoon Hee Lamot &amp; Bart Marius -- Enkele aspecten van Un Autre Monde van Grandville = Aspects d&apos;Un Autre Monde de Grandville = Several Aspects of Un Autre Monde by Grandville / Jan Ceuleers -- &apos;Grandville is een ziekelijk literaire geest,...&apos; = &apos;Grandville est un esprit maladivement littéraire,...&apos; = &apos;Grandville was a disturbed literary soul,...&apos; / Chales Baudelaire -- Nood maakt vindingrijk = La nécessité est la mère de l&apos;invention = Necessity leads to inventiveness / Franz Xaver Ott -- &apos;Wat doen we in onze vrije tijd?...&apos; = &apos;Que faisons-nous pendant notre temps libre?...&apos; = &apos;How do we spend our free time?...&apos; / Gustav Mesmer -- Een moedig begin = De courageux débuts = A courageous beginning / Douwe Draaisma &amp; Ingrid Kloosterman -- &apos;Net zo is het met kleur,...&apos; = Il en est de même pour la louleur,...&apos; = &apos;Just like colour,...&apos; / Wassily Kandinsky -- Ame / Arnout De Cleene -- Aura&apos;s = Auras / Mathew Kneebone -- &apos;Hooggeachte Professor,...&apos; = &apos;Tres honorable professeur,...&apos; = &apos;Highly esteemed professor,...&apos; / Daniel Paul Schreber.</subfield>
  </datafield>
  <datafield tag="520" ind1="8" ind2=" ">
    <subfield code="a">Waar ligt de grens tussen fantasie en werkelijkheid? Wanneer spreken we over een hallucinatie of een waan? En hoe verbeeld of onderzoek je wat zich &apos;elders&apos; afspeelt? &apos;Een andere wereld&apos; zet de deuren open naar een alternatieve realiteit en toont hoe over een tijdspanne van twee eeuwen wetenschap en kunst de schemergebieden van de geest verkenden. Deze expo en het bijbehorende boek vertellen niet het klassieke verhaal, maar vertrekken van het eigenzinnige oeuvre van vier verrassende figuren, die elk een andere wereld onderzochten en creëerden. Van wandelende potloden, over vliegende fietsen, tot gematerialiseerde geesten en optische illusies. Exhibition: Museum Dr. Guislain, Gent, Belgium (22.10.2016-28.05.2017).</subfield>
  </datafield>
  <datafield tag="546" ind1=" " ind2=" ">
    <subfield code="a">Texts in Dutch, French and English.</subfield>
  </datafield>
  <datafield tag="650" ind1=" " ind2="0">
    <subfield code="a">Fantasy in art</subfield>
    <subfield code="v">Exhibitions.</subfield>
  </datafield>
  <datafield tag="650" ind1=" " ind2="0">
    <subfield code="a">Science in art</subfield>
    <subfield code="v">Exhibitions.</subfield>
  </datafield>
  <datafield tag="650" ind1=" " ind2="0">
    <subfield code="a">Hallucinations and illusions in art</subfield>
    <subfield code="v">Exhibitions.</subfield>
  </datafield>
  <datafield tag="700" ind1="1" ind2=" ">
    <subfield code="a">Allegaert, P.</subfield>
    <subfield code="q">(Patrick),</subfield>
    <subfield code="e">author.</subfield>
  </datafield>
  <datafield tag="710" ind1="2" ind2=" ">
    <subfield code="a">Museum Dr. Guislain,</subfield>
    <subfield code="e">issuing body.</subfield>
  </datafield>
  <datafield tag="730" ind1="0" ind2=" ">
    <subfield code="a">Andere wereld.</subfield>
    <subfield code="l">French.</subfield>
  </datafield>
  <datafield tag="730" ind1="0" ind2=" ">
    <subfield code="a">Andere wereld.</subfield>
    <subfield code="l">English.</subfield>
  </datafield>
  <datafield tag="923" ind1=" " ind2=" ">
    <subfield code="d">20161220</subfield>
    <subfield code="n">60041533</subfield>
    <subfield code="s">Erasmus</subfield>
  </datafield>
  <datafield tag="985" ind1=" " ind2=" ">
    <subfield code="e">VENDOR LOAD</subfield>
  </datafield>
</record>