
<record>
  <leader>02514cam a22003857i 4500</leader>
  <controlfield tag="001">19417275</controlfield>
  <controlfield tag="005">20200103150940.0</controlfield>
  <controlfield tag="008">161024t20162016be a     b    000 0 dut c</controlfield>
  <datafield tag="906" ind1=" " ind2=" ">
    <subfield code="a">7</subfield>
    <subfield code="b">cbc</subfield>
    <subfield code="c">pccadap</subfield>
    <subfield code="d">3</subfield>
    <subfield code="e">ncip</subfield>
    <subfield code="f">20</subfield>
    <subfield code="g">y-gencatlg</subfield>
  </datafield>
  <datafield tag="925" ind1="0" ind2=" ">
    <subfield code="a">acquire</subfield>
    <subfield code="b">1 shelf copy</subfield>
    <subfield code="x">policy default</subfield>
  </datafield>
  <datafield tag="955" ind1=" " ind2=" ">
    <subfield code="b">BD25 2017-03-06</subfield>
    <subfield code="b">bc12 2018-08-29 z-processor (telework)</subfield>
    <subfield code="i">bc12 2018-10-22 (telework)</subfield>
    <subfield code="e">bc12 2018-10-23 to BCCD (ABACheck &amp; Labeled)</subfield>
  </datafield>
  <datafield tag="010" ind1=" " ind2=" ">
    <subfield code="a">  2016510424</subfield>
  </datafield>
  <datafield tag="020" ind1=" " ind2=" ">
    <subfield code="a">9789057185557</subfield>
  </datafield>
  <datafield tag="020" ind1=" " ind2=" ">
    <subfield code="a">9057185555</subfield>
  </datafield>
  <datafield tag="035" ind1=" " ind2=" ">
    <subfield code="a">(OCoLC)ocn959365750</subfield>
  </datafield>
  <datafield tag="040" ind1=" " ind2=" ">
    <subfield code="a">ERASA</subfield>
    <subfield code="b">eng</subfield>
    <subfield code="c">ERASA</subfield>
    <subfield code="e">rda</subfield>
    <subfield code="d">HLS</subfield>
    <subfield code="d">OCLCF</subfield>
    <subfield code="d">OCLCA</subfield>
    <subfield code="d">DLC</subfield>
  </datafield>
  <datafield tag="043" ind1=" " ind2=" ">
    <subfield code="a">e-be---</subfield>
  </datafield>
  <datafield tag="050" ind1="0" ind2="0">
    <subfield code="a">JV8162</subfield>
    <subfield code="b">.R66 2016</subfield>
  </datafield>
  <datafield tag="100" ind1="1" ind2=" ">
    <subfield code="a">Roo, Paul de,</subfield>
    <subfield code="d">1952-</subfield>
    <subfield code="e">author.</subfield>
  </datafield>
  <datafield tag="245" ind1="1" ind2="3">
    <subfield code="a">De constructie van &quot;het migrantenprobleem&quot; :</subfield>
    <subfield code="b">een geschiedenis /</subfield>
    <subfield code="c">Paul De Roo.</subfield>
  </datafield>
  <datafield tag="264" ind1=" " ind2="1">
    <subfield code="a">Brussel :</subfield>
    <subfield code="b">ASP,</subfield>
    <subfield code="c">[2016]</subfield>
  </datafield>
  <datafield tag="264" ind1=" " ind2="4">
    <subfield code="c">©2016</subfield>
  </datafield>
  <datafield tag="300" ind1=" " ind2=" ">
    <subfield code="a">575 pages :</subfield>
    <subfield code="b">illustrations ;</subfield>
    <subfield code="c">24 cm</subfield>
  </datafield>
  <datafield tag="336" ind1=" " ind2=" ">
    <subfield code="a">text</subfield>
    <subfield code="b">txt</subfield>
    <subfield code="2">rdacontent</subfield>
  </datafield>
  <datafield tag="337" ind1=" " ind2=" ">
    <subfield code="a">unmediated</subfield>
    <subfield code="b">n</subfield>
    <subfield code="2">rdamedia</subfield>
  </datafield>
  <datafield tag="338" ind1=" " ind2=" ">
    <subfield code="a">volume</subfield>
    <subfield code="b">nc</subfield>
    <subfield code="2">rdacarrier</subfield>
  </datafield>
  <datafield tag="520" ind1="8" ind2=" ">
    <subfield code="a">Er blijkt vandaag in de omgang tussen mensen geen onderwerp te bestaan dat zo aantrekkelijk is als dat van ?de vreemdelingen?. Zowat iedereen moet daar zijn mening over kwijt. En dat is niet alleen omdat migratie uitgegroeid is tot een van de belangrijkste politieke issues. Of omdat het de katalysator is van tegenstellingen en conflicten. Of omdat het de grenzen blootlegt van wie wel en wie niet tot de samenleving behoort. In het tumult van de plotse toevloed van asielzoekers vergeten we dat de westerse samenlevingen reeds ruim 50 jaar worstelen met &apos;het migrantenprobleem&apos;. Al sinds zo lang worden we geconfronteerd met die overweldigende problemen van integratie, veiligheid, tewerkstelling, huisvesting, gezondheidszorg en onderwijs van migranten en nieuwkomers. De komst van migranten is altijd al bedreigend geweest, getekend door een soort van vijandigheid. Dat komt vooral omdat de migranten de samenleving niet van buitenaf bedreigen, maar er middenin zitten. De confrontatie vormt een bedreiging die voor zovelen de grenzen van de tolerantie te boven gaat.</subfield>
  </datafield>
  <datafield tag="504" ind1=" " ind2=" ">
    <subfield code="a">Includes bibliographical references (pages 553-575).</subfield>
  </datafield>
  <datafield tag="651" ind1=" " ind2="0">
    <subfield code="a">Belgium</subfield>
    <subfield code="x">Emigration and immigration</subfield>
    <subfield code="x">History</subfield>
    <subfield code="y">20th century.</subfield>
  </datafield>
  <datafield tag="651" ind1=" " ind2="0">
    <subfield code="a">Belgium</subfield>
    <subfield code="x">Emigration and immigration</subfield>
    <subfield code="x">History</subfield>
    <subfield code="y">21st century.</subfield>
  </datafield>
  <datafield tag="650" ind1=" " ind2="0">
    <subfield code="a">Immigrants</subfield>
    <subfield code="z">Belgium.</subfield>
  </datafield>
  <datafield tag="650" ind1=" " ind2="0">
    <subfield code="a">Multiculturalism</subfield>
    <subfield code="z">Belgium.</subfield>
  </datafield>
  <datafield tag="650" ind1=" " ind2="0">
    <subfield code="a">Assimilation (Sociology)</subfield>
    <subfield code="z">Belgium.</subfield>
  </datafield>
  <datafield tag="923" ind1=" " ind2=" ">
    <subfield code="d">20161220</subfield>
    <subfield code="n">60041552</subfield>
    <subfield code="s">Erasmus</subfield>
  </datafield>
  <datafield tag="985" ind1=" " ind2=" ">
    <subfield code="e">VENDOR LOAD</subfield>
  </datafield>
</record>