
<record>
  <leader>02243cam a22002897i 4500</leader>
  <controlfield tag="001">19417281</controlfield>
  <controlfield tag="005">20200103150941.0</controlfield>
  <controlfield tag="008">161220s2016    ne            000 0 dut  </controlfield>
  <datafield tag="906" ind1=" " ind2=" ">
    <subfield code="a">7</subfield>
    <subfield code="b">cbc</subfield>
    <subfield code="c">origres</subfield>
    <subfield code="d">3</subfield>
    <subfield code="e">ncip</subfield>
    <subfield code="f">20</subfield>
    <subfield code="g">y-gencatlg</subfield>
  </datafield>
  <datafield tag="925" ind1="0" ind2=" ">
    <subfield code="a">acquire</subfield>
    <subfield code="b">1 shelf copy</subfield>
    <subfield code="x">policy default</subfield>
  </datafield>
  <datafield tag="955" ind1=" " ind2=" ">
    <subfield code="b">BD25 2017-03-06</subfield>
    <subfield code="b">bc12 2018-06-18 z-processor (telework)</subfield>
    <subfield code="i">bc12 2018-07-25 (telework) (overtime)</subfield>
    <subfield code="a">ti38 2018-08-02</subfield>
  </datafield>
  <datafield tag="010" ind1=" " ind2=" ">
    <subfield code="a">  2016510425</subfield>
  </datafield>
  <datafield tag="020" ind1=" " ind2=" ">
    <subfield code="a">9789044133851</subfield>
  </datafield>
  <datafield tag="020" ind1=" " ind2=" ">
    <subfield code="a">9044133853</subfield>
  </datafield>
  <datafield tag="040" ind1=" " ind2=" ">
    <subfield code="a">DLC</subfield>
    <subfield code="b">eng</subfield>
    <subfield code="e">rda</subfield>
    <subfield code="c">DLC</subfield>
  </datafield>
  <datafield tag="050" ind1="0" ind2="0">
    <subfield code="a">BT83.57</subfield>
    <subfield code="b">.W54 2016</subfield>
  </datafield>
  <datafield tag="100" ind1="1" ind2=" ">
    <subfield code="a">Wiersma, Jurjen,</subfield>
    <subfield code="e">author.</subfield>
  </datafield>
  <datafield tag="245" ind1="1" ind2="0">
    <subfield code="a">Bevrijdingstheologie actueel /</subfield>
    <subfield code="c">Jurjen Wiersma.</subfield>
  </datafield>
  <datafield tag="264" ind1=" " ind2="1">
    <subfield code="a">Antwerpen :</subfield>
    <subfield code="b">Garant,</subfield>
    <subfield code="c">2016.</subfield>
  </datafield>
  <datafield tag="300" ind1=" " ind2=" ">
    <subfield code="a">307 pages ;</subfield>
    <subfield code="c">24 cm.</subfield>
  </datafield>
  <datafield tag="336" ind1=" " ind2=" ">
    <subfield code="a">text</subfield>
    <subfield code="b">txt</subfield>
    <subfield code="2">rdacontent</subfield>
  </datafield>
  <datafield tag="337" ind1=" " ind2=" ">
    <subfield code="a">unmediated</subfield>
    <subfield code="b">n</subfield>
    <subfield code="2">rdamedia</subfield>
  </datafield>
  <datafield tag="338" ind1=" " ind2=" ">
    <subfield code="a">volume</subfield>
    <subfield code="b">nc</subfield>
    <subfield code="2">rdacarrier</subfield>
  </datafield>
  <datafield tag="520" ind1="8" ind2=" ">
    <subfield code="a">Verzet tegen uitbuiting, onderdrukking en kolonialisme begon in Zuid-Amerika. Theologen sloten zich erbij aan en schetsten omtrekken van een theologie van bevrijding. Bevrijdingstheologie blijft van cruciaal belang maar haar rol is zo ingrijpend veranderd dat je van een paradigmashift kunt spreken. Andere teams, in het begin aangevoerd door Dorothee Sölle, staan in het veld, wereldwijd. Dikwijls gaan vrouwen voorop. Zij bekommeren zich om het (over)leven van mens en milieu. Ecofeministische spiritualiteit voert bij hen de boventoon en garandeert nieuw elan. L&apos;chaim, op het leven, op toekomstig zijn, is het motto. 0Dit boek wil de gelederen van de bevrijdingstheologie een hart onder de riem steken door andere verhalen te vertellen, een andere chokma (wijsheid) te verspreiden en andere gesprekspartners aan het woord te laten, zoals Isaiah Berlin, Joachim Gauck, Nelson Mandela en Amartya Sen. Onbevangen confrontatie met de wereld is het machtsmiddel van bevrijdingstheologie. Haar macht komt niet uit de loop van een geweer, maar van de rondetafel waar zij aanschuift om te dialogiseren, dwars te liggen, vooruit te kijken en te werken aan de transformatie van verkeerde, meestal neokapitalische verhoudingen. Wie zich in deze zin engageert, is vervuld van toekomstverwachting.</subfield>
  </datafield>
  <datafield tag="650" ind1=" " ind2="0">
    <subfield code="a">Liberation theology.</subfield>
  </datafield>
  <datafield tag="923" ind1=" " ind2=" ">
    <subfield code="d">20161220</subfield>
    <subfield code="n">60041552</subfield>
    <subfield code="s">Erasmus</subfield>
  </datafield>
  <datafield tag="985" ind1=" " ind2=" ">
    <subfield code="e">VENDOR LOAD</subfield>
  </datafield>
</record>