
<record>
  <leader>03832cam a22005177i 4500</leader>
  <controlfield tag="001">19418118</controlfield>
  <controlfield tag="005">20200103150941.0</controlfield>
  <controlfield tag="008">161209s2016    gw       b    000 0 eng c</controlfield>
  <datafield tag="906" ind1=" " ind2=" ">
    <subfield code="a">7</subfield>
    <subfield code="b">cbc</subfield>
    <subfield code="c">pccadap</subfield>
    <subfield code="d">3</subfield>
    <subfield code="e">ncip</subfield>
    <subfield code="f">20</subfield>
    <subfield code="g">y-gencatlg</subfield>
  </datafield>
  <datafield tag="925" ind1="0" ind2=" ">
    <subfield code="a">acquire</subfield>
    <subfield code="b">1 shelf copy</subfield>
    <subfield code="x">policy default</subfield>
  </datafield>
  <datafield tag="955" ind1=" " ind2=" ">
    <subfield code="b">fd05 2017-05-27 z-processor</subfield>
    <subfield code="i">fd05 2017-06-16 to BCCD</subfield>
  </datafield>
  <datafield tag="955" ind1=" " ind2=" ">
    <subfield code="b">fd10 2017-01-25</subfield>
    <subfield code="a">fd00 2017-01-30 to GS/GER</subfield>
  </datafield>
  <datafield tag="010" ind1=" " ind2=" ">
    <subfield code="a">  2016592778</subfield>
  </datafield>
  <datafield tag="016" ind1="7" ind2=" ">
    <subfield code="a">1110978448</subfield>
    <subfield code="2">GyFmDB</subfield>
  </datafield>
  <datafield tag="020" ind1=" " ind2=" ">
    <subfield code="a">9783781521131</subfield>
    <subfield code="q">(paperback)</subfield>
  </datafield>
  <datafield tag="020" ind1=" " ind2=" ">
    <subfield code="a">3781521133</subfield>
    <subfield code="q">(paperback)</subfield>
  </datafield>
  <datafield tag="024" ind1="3" ind2=" ">
    <subfield code="a">9783781521131</subfield>
  </datafield>
  <datafield tag="035" ind1=" " ind2=" ">
    <subfield code="a">(OCoLC)ocn964479806</subfield>
  </datafield>
  <datafield tag="040" ind1=" " ind2=" ">
    <subfield code="a">OHX</subfield>
    <subfield code="b">eng</subfield>
    <subfield code="c">OHX</subfield>
    <subfield code="e">rda</subfield>
    <subfield code="d">INU</subfield>
    <subfield code="d">OCLCA</subfield>
    <subfield code="d">DLC</subfield>
  </datafield>
  <datafield tag="043" ind1=" " ind2=" ">
    <subfield code="a">d------</subfield>
    <subfield code="a">f-mw---</subfield>
    <subfield code="a">ncgt---</subfield>
  </datafield>
  <datafield tag="050" ind1="0" ind2="0">
    <subfield code="a">LC1203.D44</subfield>
    <subfield code="b">K44 2016</subfield>
  </datafield>
  <datafield tag="072" ind1=" " ind2="7">
    <subfield code="a">LC</subfield>
    <subfield code="2">lcco</subfield>
  </datafield>
  <datafield tag="245" ind1="0" ind2="0">
    <subfield code="a">Keeping the promise? :</subfield>
    <subfield code="b">contextualizing inclusive education in developing countries /</subfield>
    <subfield code="c">Rolf Werning, Alfredo J. Artiles, Petra Engelbrecht, Myriam Hummel, Marta Caballeros, Antje Rothe (eds.).</subfield>
  </datafield>
  <datafield tag="264" ind1=" " ind2="1">
    <subfield code="a">Bad Heilbrunn :</subfield>
    <subfield code="b">Verlag Julius Klinkhardt,</subfield>
    <subfield code="c">[2016]</subfield>
  </datafield>
  <datafield tag="300" ind1=" " ind2=" ">
    <subfield code="a">185 pages ;</subfield>
    <subfield code="c">21 cm</subfield>
  </datafield>
  <datafield tag="336" ind1=" " ind2=" ">
    <subfield code="a">text</subfield>
    <subfield code="b">txt</subfield>
    <subfield code="2">rdacontent</subfield>
  </datafield>
  <datafield tag="337" ind1=" " ind2=" ">
    <subfield code="a">unmediated</subfield>
    <subfield code="b">n</subfield>
    <subfield code="2">rdamedia</subfield>
  </datafield>
  <datafield tag="338" ind1=" " ind2=" ">
    <subfield code="a">volume</subfield>
    <subfield code="b">nc</subfield>
    <subfield code="2">rdacarrier</subfield>
  </datafield>
  <datafield tag="500" ind1=" " ind2=" ">
    <subfield code="a">&quot;The research results reported here were based on the Research for Inclusive Education in International Cooperation (refie) project, which was implemented from December 2013 to February 2015 on behalf of the German Federal Ministry for Economic Cooperation and Development (BMZ) and Deutsche Gesellschaft für Internationale Zusammenarbeit GmbH (GIZ). Leibniz Universität Hannover and GOPA Consultants headed the international team of researchers. The research was conducted in two countries--Guatemala and Malawi--by a team of national researchers in each participating country.&quot;--Page 10.</subfield>
  </datafield>
  <datafield tag="504" ind1=" " ind2=" ">
    <subfield code="a">Includes bibliographical references.</subfield>
  </datafield>
  <datafield tag="505" ind1="0" ind2="0">
    <subfield code="t">Foreword /</subfield>
    <subfield code="r">Nidhi Singal --</subfield>
    <subfield code="t">Introduction /</subfield>
    <subfield code="r">The editors --</subfield>
    <subfield code="t">Inclusive education : contextualizing the history of a global movement /</subfield>
    <subfield code="r">Petra Engelbrecht and Alfredo J. Artiles --</subfield>
    <subfield code="t">Developing an understanding of inclusive education in Malawi /</subfield>
    <subfield code="r">Myriam Hummel, Petra Engelbrecht and Rolf Werning --</subfield>
    <subfield code="t">Global processes and local manifestations : two case studies from Malawi /</subfield>
    <subfield code="r">Antje Rothe, Evance Charlie and Anderson Chikumbutso Moyo --</subfield>
    <subfield code="t">Developing an understanding of inclusive education in Guatemala /</subfield>
    <subfield code="r">Cristina Perdomo, Marta Caballeros, Alfredo J. Artiles, Magaly Menéndez and Gerson Sontay --</subfield>
    <subfield code="t">Inclusive education in developing countries : two case studies from Guatemala /</subfield>
    <subfield code="r">Marta Caballeros, Alfredo J. Artiles, Héctor Canto and Cristina Perdomo --</subfield>
    <subfield code="t">Theoretical annotations of the research results from Guatemala and Malawi /</subfield>
    <subfield code="r">Myriam Hummel, Antje Rothe and Rolf Werning --</subfield>
    <subfield code="t">Reflections on the future of inclusive education /</subfield>
    <subfield code="r">Antje Rothe, Marta Caballeros, Myriam Hummel, Petra Engelbrecht, Alfredo J. Artiles and Rolf Werning.</subfield>
  </datafield>
  <datafield tag="650" ind1=" " ind2="0">
    <subfield code="a">Inclusive education</subfield>
    <subfield code="z">Developing countries</subfield>
    <subfield code="v">Case studies.</subfield>
  </datafield>
  <datafield tag="650" ind1=" " ind2="0">
    <subfield code="a">Inclusive education</subfield>
    <subfield code="z">Malawi.</subfield>
  </datafield>
  <datafield tag="650" ind1=" " ind2="0">
    <subfield code="a">Inclusive education</subfield>
    <subfield code="z">Guatemala.</subfield>
  </datafield>
  <datafield tag="650" ind1=" " ind2="0">
    <subfield code="a">Inclusive education</subfield>
    <subfield code="x">International cooperation.</subfield>
  </datafield>
  <datafield tag="700" ind1="1" ind2=" ">
    <subfield code="a">Werning, Rolf,</subfield>
    <subfield code="e">editor,</subfield>
    <subfield code="e">contributor.</subfield>
  </datafield>
  <datafield tag="700" ind1="1" ind2=" ">
    <subfield code="a">Artiles, Alfredo J.,</subfield>
    <subfield code="e">editor,</subfield>
    <subfield code="e">contributor.</subfield>
  </datafield>
  <datafield tag="700" ind1="1" ind2=" ">
    <subfield code="a">Engelbrecht, Petra,</subfield>
    <subfield code="e">editor,</subfield>
    <subfield code="e">contributor.</subfield>
  </datafield>
  <datafield tag="700" ind1="1" ind2=" ">
    <subfield code="a">Hummel, Myriam,</subfield>
    <subfield code="e">editor,</subfield>
    <subfield code="e">contributor.</subfield>
  </datafield>
  <datafield tag="700" ind1="1" ind2=" ">
    <subfield code="a">Caballeros, Marta,</subfield>
    <subfield code="e">editor,</subfield>
    <subfield code="e">contributor.</subfield>
  </datafield>
  <datafield tag="700" ind1="1" ind2=" ">
    <subfield code="a">Rothe, Antje,</subfield>
    <subfield code="e">editor,</subfield>
    <subfield code="e">contributor.</subfield>
  </datafield>
  <datafield tag="710" ind1="2" ind2=" ">
    <subfield code="a">Research for Inclusive Education in International Cooperation (Project),</subfield>
    <subfield code="e">issuing body.</subfield>
  </datafield>
  <datafield tag="710" ind1="1" ind2=" ">
    <subfield code="a">Germany.</subfield>
    <subfield code="b">Bundesministerium für Wirtschaftliche Zusammenarbeit und Entwicklung,</subfield>
    <subfield code="e">sponsoring body.</subfield>
  </datafield>
  <datafield tag="710" ind1="2" ind2=" ">
    <subfield code="a">Deutsche Gesellschaft für Internationale Zusammenarbeit,</subfield>
    <subfield code="e">sponsoring body.</subfield>
  </datafield>
  <datafield tag="923" ind1=" " ind2=" ">
    <subfield code="d">20161207</subfield>
    <subfield code="n">0123873</subfield>
    <subfield code="s">GyWOH</subfield>
  </datafield>
  <datafield tag="985" ind1=" " ind2=" ">
    <subfield code="e">VENDOR LOAD</subfield>
  </datafield>
</record>