
<record>
  <leader>01972cam a22003617i 4500</leader>
  <controlfield tag="001">19424101</controlfield>
  <controlfield tag="005">20200103121312.0</controlfield>
  <controlfield tag="008">161111s2015    ru       b    100 0 rus  </controlfield>
  <datafield tag="906" ind1=" " ind2=" ">
    <subfield code="a">7</subfield>
    <subfield code="b">cbc</subfield>
    <subfield code="c">origres</subfield>
    <subfield code="d">3</subfield>
    <subfield code="e">ncip</subfield>
    <subfield code="f">20</subfield>
    <subfield code="g">y-nonroman</subfield>
  </datafield>
  <datafield tag="925" ind1="0" ind2=" ">
    <subfield code="a">acquire</subfield>
    <subfield code="b">1 shelf copy</subfield>
    <subfield code="x">policy default</subfield>
  </datafield>
  <datafield tag="955" ind1=" " ind2=" ">
    <subfield code="b">fe15 2017-01-12 telework to cat.</subfield>
    <subfield code="a">fe00 2017-01-30 to GS/RUS</subfield>
    <subfield code="h">fe12 2019-05-29 to shelf</subfield>
  </datafield>
  <datafield tag="010" ind1=" " ind2=" ">
    <subfield code="a">  2016482461</subfield>
  </datafield>
  <datafield tag="020" ind1=" " ind2=" ">
    <subfield code="a">9785990768161</subfield>
  </datafield>
  <datafield tag="035" ind1=" " ind2=" ">
    <subfield code="a">(RuMoEVIS)ev1182991B</subfield>
  </datafield>
  <datafield tag="040" ind1=" " ind2=" ">
    <subfield code="a">DLC</subfield>
    <subfield code="b">eng</subfield>
    <subfield code="e">rda</subfield>
    <subfield code="c">DLC</subfield>
  </datafield>
  <datafield tag="043" ind1=" " ind2=" ">
    <subfield code="a">e-ru---</subfield>
  </datafield>
  <datafield tag="050" ind1="0" ind2="0">
    <subfield code="a">MLCS 2019/42737 (H)</subfield>
  </datafield>
  <datafield tag="066" ind1=" " ind2=" ">
    <subfield code="c">(N</subfield>
  </datafield>
  <datafield tag="111" ind1="2" ind2=" ">
    <subfield code="a">Kruglyĭ stol &quot;Identichnostʹ rossiĭskikh regionov i ee ėkonomicheskoe izmerenie&quot;</subfield>
    <subfield code="d">(2015 :</subfield>
    <subfield code="c">Roston-na-Donu, Russia)</subfield>
  </datafield>
  <datafield tag="245" ind1="1" ind2="0">
    <subfield code="6">880-01</subfield>
    <subfield code="a">Identichnostʹ rossiĭskikh regionov i ee ėkonomicheskoe izmerenie :</subfield>
    <subfield code="b">doklady i vystuplenii︠a︡ uchastnikov kruglogo stola, 18 ii︠u︡ni︠a︡ 2015, Rostov-na-Donu /</subfield>
    <subfield code="c">Otvetstvennye redaktory: E.I︠U︡. Bazhenova, V.M. Belousov.</subfield>
  </datafield>
  <datafield tag="880" ind1="0" ind2="0">
    <subfield code="6">245-01/(N</subfield>
    <subfield code="a">Идентичность российских регионов и ее экономическое измерение :</subfield>
    <subfield code="b">доклады и выступления участников круглого стола, 18 июня 2015, Ростов-на-Дону /</subfield>
    <subfield code="c">Ответственные редакторы: Е.Ю. Баженова, В.М. Белоусов.</subfield>
  </datafield>
  <datafield tag="264" ind1=" " ind2="1">
    <subfield code="6">880-02</subfield>
    <subfield code="a">Rostov-na-Donu :</subfield>
    <subfield code="b">Fond nauki i obrazovanii︠a︡,</subfield>
    <subfield code="c">2015.</subfield>
  </datafield>
  <datafield tag="880" ind1=" " ind2="1">
    <subfield code="6">264-02/(N</subfield>
    <subfield code="a">Ростов-на-Дону :</subfield>
    <subfield code="b">Фонд науки и образования,</subfield>
    <subfield code="c">2015.</subfield>
  </datafield>
  <datafield tag="300" ind1=" " ind2=" ">
    <subfield code="a">212 pages ;</subfield>
    <subfield code="c">21 cm</subfield>
  </datafield>
  <datafield tag="336" ind1=" " ind2=" ">
    <subfield code="a">text</subfield>
    <subfield code="b">txt</subfield>
    <subfield code="2">rdacontent</subfield>
  </datafield>
  <datafield tag="337" ind1=" " ind2=" ">
    <subfield code="a">unmediated</subfield>
    <subfield code="b">n</subfield>
    <subfield code="2">rdamedia</subfield>
  </datafield>
  <datafield tag="338" ind1=" " ind2=" ">
    <subfield code="a">volume</subfield>
    <subfield code="b">nc</subfield>
    <subfield code="2">rdacarrier</subfield>
  </datafield>
  <datafield tag="504" ind1=" " ind2=" ">
    <subfield code="a">Includes bibliographical references.</subfield>
  </datafield>
  <datafield tag="653" ind1="0" ind2=" ">
    <subfield code="a">Reginal economics;</subfield>
    <subfield code="a">Congresses</subfield>
  </datafield>
  <datafield tag="700" ind1="1" ind2=" ">
    <subfield code="a">Bazhenova, E. I︠U︡.,</subfield>
    <subfield code="e">editor.</subfield>
  </datafield>
  <datafield tag="700" ind1="1" ind2=" ">
    <subfield code="a">Belousov, V. M.</subfield>
    <subfield code="q">(Vitaliĭ Mikhaĭlovich)</subfield>
    <subfield code="e">editor.</subfield>
  </datafield>
  <datafield tag="923" ind1=" " ind2=" ">
    <subfield code="d">20161114</subfield>
    <subfield code="n">10187214</subfield>
    <subfield code="s">RuMoEVIS</subfield>
  </datafield>
  <datafield tag="985" ind1=" " ind2=" ">
    <subfield code="e">VENDOR LOAD</subfield>
  </datafield>
</record>