
<record>
  <leader>01998cam a22004697i 4500</leader>
  <controlfield tag="001">19424178</controlfield>
  <controlfield tag="005">20200103150944.0</controlfield>
  <controlfield tag="008">161223s2016    gw       b    001 0 ger  </controlfield>
  <datafield tag="906" ind1=" " ind2=" ">
    <subfield code="a">7</subfield>
    <subfield code="b">cbc</subfield>
    <subfield code="c">origres</subfield>
    <subfield code="d">3</subfield>
    <subfield code="e">ncip</subfield>
    <subfield code="f">20</subfield>
    <subfield code="g">y-gencatlg</subfield>
  </datafield>
  <datafield tag="925" ind1="0" ind2=" ">
    <subfield code="a">acquire</subfield>
    <subfield code="b">1 shelf copy</subfield>
    <subfield code="x">policy default</subfield>
  </datafield>
  <datafield tag="955" ind1=" " ind2=" ">
    <subfield code="b">fd10 2017-02-13</subfield>
    <subfield code="a">fd00 2017-02-14 to GS/SBCG</subfield>
    <subfield code="i">ff72 2018-04-04</subfield>
  </datafield>
  <datafield tag="010" ind1=" " ind2=" ">
    <subfield code="a">  2016509417</subfield>
  </datafield>
  <datafield tag="020" ind1=" " ind2=" ">
    <subfield code="a">9783534238521 (hd. bd.)</subfield>
  </datafield>
  <datafield tag="020" ind1=" " ind2=" ">
    <subfield code="a">3534238524 (hd. bd.)</subfield>
  </datafield>
  <datafield tag="020" ind1=" " ind2=" ">
    <subfield code="z">9783534712168 (online)</subfield>
  </datafield>
  <datafield tag="020" ind1=" " ind2=" ">
    <subfield code="z">9783534712205 (online)</subfield>
  </datafield>
  <datafield tag="040" ind1=" " ind2=" ">
    <subfield code="a">DLC</subfield>
    <subfield code="b">eng</subfield>
    <subfield code="c">DLC</subfield>
    <subfield code="e">rda</subfield>
  </datafield>
  <datafield tag="041" ind1="1" ind2=" ">
    <subfield code="a">lat</subfield>
    <subfield code="a">ger</subfield>
    <subfield code="h">lat</subfield>
  </datafield>
  <datafield tag="043" ind1=" " ind2=" ">
    <subfield code="a">e------</subfield>
    <subfield code="a">aw-----</subfield>
    <subfield code="a">ff-----</subfield>
  </datafield>
  <datafield tag="050" ind1="0" ind2="0">
    <subfield code="a">PA6379.D25</subfield>
    <subfield code="b">F843 2016</subfield>
  </datafield>
  <datafield tag="245" ind1="0" ind2="3">
    <subfield code="a">De viris illustribus urbis Romae :</subfield>
    <subfield code="b">lateinisch und deutsch = Die berühmten Männer der Stadt Rom /</subfield>
    <subfield code="c">Ps. Aurelius Victor ; herausgegeben, übersetzt und kommentiert von Joachim Fugmann.</subfield>
  </datafield>
  <datafield tag="246" ind1="3" ind2="1">
    <subfield code="a">Berühmten Männer der Stadt Rom</subfield>
  </datafield>
  <datafield tag="264" ind1=" " ind2="1">
    <subfield code="a">Darmstadt :</subfield>
    <subfield code="b">WBG, Wissenschaftliche Buchgesellschaft,</subfield>
    <subfield code="c">[2016]</subfield>
  </datafield>
  <datafield tag="300" ind1=" " ind2=" ">
    <subfield code="a">504 pages ;</subfield>
    <subfield code="c">22 cm.</subfield>
  </datafield>
  <datafield tag="336" ind1=" " ind2=" ">
    <subfield code="a">text</subfield>
    <subfield code="2">rdacontent</subfield>
  </datafield>
  <datafield tag="337" ind1=" " ind2=" ">
    <subfield code="a">unmediated</subfield>
    <subfield code="2">rdamedia</subfield>
  </datafield>
  <datafield tag="338" ind1=" " ind2=" ">
    <subfield code="a">volume</subfield>
    <subfield code="2">rdacarrier</subfield>
  </datafield>
  <datafield tag="490" ind1="0" ind2=" ">
    <subfield code="a">Texte zur Forschung,</subfield>
    <subfield code="x">0174-0474 ;</subfield>
    <subfield code="v">Band 110</subfield>
  </datafield>
  <datafield tag="546" ind1=" " ind2=" ">
    <subfield code="a">Original text in parallel Latin and German; critical matter in German.</subfield>
  </datafield>
  <datafield tag="504" ind1=" " ind2=" ">
    <subfield code="a">Includes bibliographical references and index.</subfield>
  </datafield>
  <datafield tag="651" ind1=" " ind2="0">
    <subfield code="a">Rome</subfield>
    <subfield code="x">History</subfield>
    <subfield code="y">Kings, 753-510 B.C.</subfield>
    <subfield code="x">Historiography.</subfield>
  </datafield>
  <datafield tag="651" ind1=" " ind2="0">
    <subfield code="a">Rome</subfield>
    <subfield code="x">History</subfield>
    <subfield code="y">Republic, 510-265 B.C.</subfield>
    <subfield code="x">Historiography.</subfield>
  </datafield>
  <datafield tag="651" ind1=" " ind2="0">
    <subfield code="a">Rome</subfield>
    <subfield code="v">Biography</subfield>
    <subfield code="v">Early works to 1800.</subfield>
  </datafield>
  <datafield tag="700" ind1="1" ind2="2">
    <subfield code="a">Victor, Sextus Aurelius.</subfield>
    <subfield code="t">De viris illustribus urbis Romae.</subfield>
  </datafield>
  <datafield tag="700" ind1="1" ind2="2">
    <subfield code="a">Victor, Sextus Aurelius.</subfield>
    <subfield code="t">De viris illustribus urbis Romae.</subfield>
    <subfield code="l">German.</subfield>
  </datafield>
  <datafield tag="700" ind1="1" ind2=" ">
    <subfield code="a">Fugmann, Joachim,</subfield>
    <subfield code="d">1956-</subfield>
    <subfield code="e">editor,</subfield>
    <subfield code="e">translator,</subfield>
    <subfield code="e">commentator for written text.</subfield>
  </datafield>
  <datafield tag="776" ind1="0" ind2=" ">
    <subfield code="z">9783534712168 (online)</subfield>
  </datafield>
  <datafield tag="776" ind1="0" ind2=" ">
    <subfield code="w">(GyWOH)har165024488</subfield>
  </datafield>
  <datafield tag="776" ind1="0" ind2=" ">
    <subfield code="z">9783534712205 (online)</subfield>
  </datafield>
  <datafield tag="776" ind1="0" ind2=" ">
    <subfield code="w">(GyWOH)har165024489</subfield>
  </datafield>
  <datafield tag="923" ind1=" " ind2=" ">
    <subfield code="d">20161221</subfield>
    <subfield code="n">0125479</subfield>
    <subfield code="s">GyWOH</subfield>
  </datafield>
  <datafield tag="985" ind1=" " ind2=" ">
    <subfield code="e">VENDOR LOAD</subfield>
  </datafield>
</record>