
<record>
  <leader>01685cam a22003497i 4500</leader>
  <controlfield tag="001">19426470</controlfield>
  <controlfield tag="005">20200103150954.0</controlfield>
  <controlfield tag="008">170103s2016    ru a          000 p rus  </controlfield>
  <datafield tag="906" ind1=" " ind2=" ">
    <subfield code="a">7</subfield>
    <subfield code="b">cbc</subfield>
    <subfield code="c">orignew</subfield>
    <subfield code="d">4</subfield>
    <subfield code="e">ncip</subfield>
    <subfield code="f">20</subfield>
    <subfield code="g">y-nonroman</subfield>
  </datafield>
  <datafield tag="925" ind1="0" ind2=" ">
    <subfield code="a">acquire</subfield>
    <subfield code="b">1 shelf copy</subfield>
    <subfield code="x">policy default</subfield>
  </datafield>
  <datafield tag="955" ind1=" " ind2=" ">
    <subfield code="b">fe20 2017-01-03 to cat.</subfield>
    <subfield code="a">fe00 2017-01-03 to GS/RUS</subfield>
    <subfield code="a">fe00 2017-01-04 to GS/RUS</subfield>
    <subfield code="h">fe08 2017-04-12 to BCCD</subfield>
    <subfield code="a">ff05 2017-07-22 NAP Project update (245)</subfield>
  </datafield>
  <datafield tag="010" ind1=" " ind2=" ">
    <subfield code="a">  2016482262</subfield>
  </datafield>
  <datafield tag="020" ind1=" " ind2=" ">
    <subfield code="a">9785990504202 (pbk.)</subfield>
  </datafield>
  <datafield tag="040" ind1=" " ind2=" ">
    <subfield code="a">DLC</subfield>
    <subfield code="b">eng</subfield>
    <subfield code="e">rda</subfield>
    <subfield code="c">DLC</subfield>
  </datafield>
  <datafield tag="041" ind1="1" ind2=" ">
    <subfield code="a">rus</subfield>
    <subfield code="a">eng</subfield>
    <subfield code="b">fre</subfield>
    <subfield code="h">eng</subfield>
  </datafield>
  <datafield tag="050" ind1="0" ind2="0">
    <subfield code="a">MLCS 2017/43032 (P)</subfield>
  </datafield>
  <datafield tag="066" ind1=" " ind2=" ">
    <subfield code="c">(N</subfield>
  </datafield>
  <datafield tag="100" ind1="1" ind2=" ">
    <subfield code="a">Kawecka, Olga,</subfield>
    <subfield code="d">1987-</subfield>
    <subfield code="e">author.</subfield>
  </datafield>
  <datafield tag="245" ind1="1" ind2="0">
    <subfield code="6">880-01</subfield>
    <subfield code="a">Nycticorax in ruinis :</subfield>
    <subfield code="b">The third collection of poems with some photographs and drawings by the author /</subfield>
    <subfield code="c">Olga Kawecka.</subfield>
  </datafield>
  <datafield tag="880" ind1="1" ind2="0">
    <subfield code="6">245-01/(N</subfield>
    <subfield code="a">Nycticorax in ruins :</subfield>
    <subfield code="b">The third collection of poems with some photographs and drawings by the author /</subfield>
    <subfield code="c">Olga Kawecka.</subfield>
  </datafield>
  <datafield tag="246" ind1="1" ind2="5">
    <subfield code="6">880-02</subfield>
    <subfield code="i">Russian title on title page verso:</subfield>
    <subfield code="a">Nochnai︠a︡ ptit︠s︡a v ruinakh</subfield>
  </datafield>
  <datafield tag="880" ind1="1" ind2="5">
    <subfield code="6">246-02/(N</subfield>
    <subfield code="i">Russian title on title page verso:</subfield>
    <subfield code="a">Ночная птица в руинах</subfield>
  </datafield>
  <datafield tag="246" ind1="1" ind2="5">
    <subfield code="i">English title on title page verso:</subfield>
    <subfield code="a">An Owl of the desert</subfield>
  </datafield>
  <datafield tag="264" ind1=" " ind2="1">
    <subfield code="6">880-03</subfield>
    <subfield code="a">Tver :</subfield>
    <subfield code="b">Olga Kawecka,</subfield>
    <subfield code="c">2016.</subfield>
  </datafield>
  <datafield tag="880" ind1=" " ind2="1">
    <subfield code="6">264-03/(N</subfield>
    <subfield code="a">Твер :</subfield>
    <subfield code="b">Olga Kawecka,</subfield>
    <subfield code="c">2016.</subfield>
  </datafield>
  <datafield tag="300" ind1=" " ind2=" ">
    <subfield code="a">179 pages :</subfield>
    <subfield code="b">color illustrations ;</subfield>
    <subfield code="c">15 cm</subfield>
  </datafield>
  <datafield tag="336" ind1=" " ind2=" ">
    <subfield code="a">text</subfield>
    <subfield code="b">txt</subfield>
    <subfield code="2">rdacontent</subfield>
  </datafield>
  <datafield tag="337" ind1=" " ind2=" ">
    <subfield code="a">unmediated</subfield>
    <subfield code="b">n</subfield>
    <subfield code="2">rdamedia</subfield>
  </datafield>
  <datafield tag="338" ind1=" " ind2=" ">
    <subfield code="a">volume</subfield>
    <subfield code="b">nc</subfield>
    <subfield code="2">rdacarrier</subfield>
  </datafield>
  <datafield tag="500" ind1=" " ind2=" ">
    <subfield code="a">LC copy signed by the author, Oct. 2016.</subfield>
    <subfield code="5">DLC</subfield>
  </datafield>
  <datafield tag="546" ind1=" " ind2=" ">
    <subfield code="a">Russian translations with original English poems, one poem in French, summary also in English.</subfield>
  </datafield>
  <datafield tag="923" ind1=" " ind2=" ">
    <subfield code="d">GIFT</subfield>
  </datafield>
</record>