
<record>
  <leader>04178cam a22004817i 4500</leader>
  <controlfield tag="001">19426592</controlfield>
  <controlfield tag="005">20200103150954.0</controlfield>
  <controlfield tag="008">170103t20162016dcua     b   i000 0 eng c</controlfield>
  <datafield tag="906" ind1=" " ind2=" ">
    <subfield code="a">7</subfield>
    <subfield code="b">cbc</subfield>
    <subfield code="c">pccadap</subfield>
    <subfield code="d">2</subfield>
    <subfield code="e">ncip</subfield>
    <subfield code="f">20</subfield>
    <subfield code="g">y-gencatlg</subfield>
  </datafield>
  <datafield tag="925" ind1="0" ind2=" ">
    <subfield code="a">acquire</subfield>
    <subfield code="b">1 shelf copy</subfield>
    <subfield code="x">policy default</subfield>
  </datafield>
  <datafield tag="955" ind1=" " ind2=" ">
    <subfield code="b">rm04 2017-01-03 z-processor</subfield>
    <subfield code="a">xn05 2017-02-06 1 copy to USASH</subfield>
    <subfield code="b">rm04 2018-10-03 z-processor</subfield>
    <subfield code="i">rl06 2018-11-19 to BCCD</subfield>
  </datafield>
  <datafield tag="010" ind1=" " ind2=" ">
    <subfield code="a">  2016440999</subfield>
  </datafield>
  <datafield tag="020" ind1=" " ind2=" ">
    <subfield code="a">9781464808425 (paperback)</subfield>
  </datafield>
  <datafield tag="035" ind1=" " ind2=" ">
    <subfield code="a">(OCoLC)ocn962388840</subfield>
  </datafield>
  <datafield tag="040" ind1=" " ind2=" ">
    <subfield code="a">YDX</subfield>
    <subfield code="b">eng</subfield>
    <subfield code="c">YDX</subfield>
    <subfield code="e">rda</subfield>
    <subfield code="d">CLU</subfield>
    <subfield code="d">OCLCF</subfield>
    <subfield code="d">BTCTA</subfield>
    <subfield code="d">YDXCP</subfield>
    <subfield code="d">LSD</subfield>
    <subfield code="d">FIE</subfield>
    <subfield code="d">DLC</subfield>
  </datafield>
  <datafield tag="050" ind1="0" ind2="0">
    <subfield code="a">HF1379</subfield>
    <subfield code="b">.C88 2016</subfield>
  </datafield>
  <datafield tag="100" ind1="1" ind2=" ">
    <subfield code="a">Cusolito, Ana Paula,</subfield>
    <subfield code="e">author.</subfield>
  </datafield>
  <datafield tag="245" ind1="1" ind2="0">
    <subfield code="a">Inclusive global value chains :</subfield>
    <subfield code="b">policy options for small and medium enterprises and low-income countries /</subfield>
    <subfield code="c">Ana Paula Cusolito, Raed Safadi, and Daria Taglioni.</subfield>
  </datafield>
  <datafield tag="264" ind1=" " ind2="1">
    <subfield code="a">Washington, DC :</subfield>
    <subfield code="b">OECD :</subfield>
    <subfield code="b">World Bank Group,</subfield>
    <subfield code="c">[2016]</subfield>
  </datafield>
  <datafield tag="264" ind1=" " ind2="4">
    <subfield code="c">©2016</subfield>
  </datafield>
  <datafield tag="300" ind1=" " ind2=" ">
    <subfield code="a">xx, 114 pages :</subfield>
    <subfield code="b">illustrations ;</subfield>
    <subfield code="c">26 cm.</subfield>
  </datafield>
  <datafield tag="336" ind1=" " ind2=" ">
    <subfield code="a">text</subfield>
    <subfield code="b">txt</subfield>
    <subfield code="2">rdacontent</subfield>
  </datafield>
  <datafield tag="337" ind1=" " ind2=" ">
    <subfield code="a">unmediated</subfield>
    <subfield code="b">n</subfield>
    <subfield code="2">rdamedia</subfield>
  </datafield>
  <datafield tag="338" ind1=" " ind2=" ">
    <subfield code="a">volume</subfield>
    <subfield code="b">nc</subfield>
    <subfield code="2">rdacarrier</subfield>
  </datafield>
  <datafield tag="490" ind1="0" ind2=" ">
    <subfield code="a">Directions in development. Trade</subfield>
  </datafield>
  <datafield tag="504" ind1=" " ind2=" ">
    <subfield code="a">Includes bibliographical references.</subfield>
  </datafield>
  <datafield tag="520" ind1=" " ind2=" ">
    <subfield code="a">This report&apos;s focus is making global value chains (GVCs) more inclusive. To achieve inclusiveness is by overcoming participation constraints for Small and Medium Enterprises (SMEs) and facilitation access for Low Income Developing Countries (LIDCs). The underlying assumption is that most firms in LIDCs are SMEs. Even larger firms in LIDCs are likely to face similar challenges to SMEs, including a less supportive domestic operating environment and weaker institutions that lead to higher fixed costs and challenges to compete on the international markets. The two major points of this report are (1) participation in GVCs is heterogeneous and uneven, across and within countries, and (2) available data and survey-based evidence suggest that SMEs participation in GVCs is mostly taking place through indirect contribution to exports, rather than through exporting directly. The report makes the case that policy action, at the national and multilateral level, can make a difference in achieving more inclusive GVCs through: a holistic approach to reform spanning trade, investment, and domestic policies countries and investments in expanding the statistical base and analysis of GVCs and in sharing knowledge on best practices on enabling policies and programs. The report elaborates on three broad areas of recommendations: (1) establishing a trade and investment action plan for inclusiveness defining clear and achievable objectives on trade and investment policy and identifying the necessary complementary domestic policy actions; (2) complementing trade, investment, and domestic policy actions by providing the needed political leadership and support to enhance collaboration across the sectors, and establishing global platforms for sharing best practices; and (3) providing political support for the establishment of a multi-year plan to expand and upgrade the statistical foundation necessary to increase the capacity of all countries to identify and implement policies that can contribute to stronger, more inclusive and sustainable growth and development, globally. --</subfield>
    <subfield code="c">Provided by publisher.</subfield>
  </datafield>
  <datafield tag="650" ind1=" " ind2="0">
    <subfield code="a">International trade.</subfield>
  </datafield>
  <datafield tag="650" ind1=" " ind2="0">
    <subfield code="a">Small business</subfield>
    <subfield code="z">Developing countries.</subfield>
  </datafield>
  <datafield tag="650" ind1=" " ind2="0">
    <subfield code="a">Small business</subfield>
    <subfield code="x">Management.</subfield>
  </datafield>
  <datafield tag="650" ind1=" " ind2="0">
    <subfield code="a">Economic development.</subfield>
  </datafield>
  <datafield tag="650" ind1=" " ind2="0">
    <subfield code="a">Globalization</subfield>
    <subfield code="x">Economic aspects.</subfield>
  </datafield>
  <datafield tag="651" ind1=" " ind2="0">
    <subfield code="a">Developing countries</subfield>
    <subfield code="x">Commerce.</subfield>
  </datafield>
  <datafield tag="650" ind1=" " ind2="7">
    <subfield code="a">Commerce.</subfield>
    <subfield code="2">fast</subfield>
    <subfield code="0">(OCoLC)fst00869279</subfield>
  </datafield>
  <datafield tag="650" ind1=" " ind2="7">
    <subfield code="a">Economic development.</subfield>
    <subfield code="2">fast</subfield>
    <subfield code="0">(OCoLC)fst00901785</subfield>
  </datafield>
  <datafield tag="650" ind1=" " ind2="7">
    <subfield code="a">Globalization</subfield>
    <subfield code="x">Economic aspects.</subfield>
    <subfield code="2">fast</subfield>
    <subfield code="0">(OCoLC)fst00943533</subfield>
  </datafield>
  <datafield tag="650" ind1=" " ind2="7">
    <subfield code="a">International trade.</subfield>
    <subfield code="2">fast</subfield>
    <subfield code="0">(OCoLC)fst00977128</subfield>
  </datafield>
  <datafield tag="650" ind1=" " ind2="7">
    <subfield code="a">Small business.</subfield>
    <subfield code="2">fast</subfield>
    <subfield code="0">(OCoLC)fst01121223</subfield>
  </datafield>
  <datafield tag="650" ind1=" " ind2="7">
    <subfield code="a">Small business</subfield>
    <subfield code="x">Management.</subfield>
    <subfield code="2">fast</subfield>
    <subfield code="0">(OCoLC)fst01121306</subfield>
  </datafield>
  <datafield tag="651" ind1=" " ind2="7">
    <subfield code="a">Developing countries.</subfield>
    <subfield code="2">fast</subfield>
    <subfield code="0">(OCoLC)fst01242969</subfield>
  </datafield>
  <datafield tag="700" ind1="1" ind2=" ">
    <subfield code="a">Safadi, Raed,</subfield>
    <subfield code="d">1958-</subfield>
    <subfield code="e">author.</subfield>
  </datafield>
  <datafield tag="700" ind1="1" ind2=" ">
    <subfield code="a">Taglioni, Daria,</subfield>
    <subfield code="e">author.</subfield>
  </datafield>
  <datafield tag="830" ind1=" " ind2="0">
    <subfield code="a">Directions in development (Washington, D.C.).</subfield>
    <subfield code="p">Trade.</subfield>
  </datafield>
</record>