
<record>
  <leader>04769cam a22005297i 4500</leader>
  <controlfield tag="001">19427512</controlfield>
  <controlfield tag="005">20200103135333.0</controlfield>
  <controlfield tag="008">170104t20162016onc      b    001 0 eng d</controlfield>
  <datafield tag="906" ind1=" " ind2=" ">
    <subfield code="a">7</subfield>
    <subfield code="b">cbc</subfield>
    <subfield code="c">copycat</subfield>
    <subfield code="d">2</subfield>
    <subfield code="e">ncip</subfield>
    <subfield code="f">20</subfield>
    <subfield code="g">y-gencatlg</subfield>
  </datafield>
  <datafield tag="925" ind1="0" ind2=" ">
    <subfield code="a">acquire</subfield>
    <subfield code="b">1 shelf copies</subfield>
    <subfield code="x">policy default</subfield>
  </datafield>
  <datafield tag="955" ind1=" " ind2=" ">
    <subfield code="b">rk07 2017-01-04 z-processor</subfield>
    <subfield code="i">rk07 2017-01-06 to dewey</subfield>
    <subfield code="a">ff05 2017-05-19 NAP Project update (050)</subfield>
  </datafield>
  <datafield tag="010" ind1=" " ind2=" ">
    <subfield code="a">  2016439645</subfield>
  </datafield>
  <datafield tag="016" ind1=" " ind2=" ">
    <subfield code="a">20169029891</subfield>
  </datafield>
  <datafield tag="020" ind1=" " ind2=" ">
    <subfield code="a">9781442629516</subfield>
    <subfield code="q">(cloth)</subfield>
  </datafield>
  <datafield tag="020" ind1=" " ind2=" ">
    <subfield code="a">1442629517</subfield>
    <subfield code="q">(cloth)</subfield>
  </datafield>
  <datafield tag="035" ind1=" " ind2=" ">
    <subfield code="a">(OCoLC)ocn948828539</subfield>
  </datafield>
  <datafield tag="040" ind1=" " ind2=" ">
    <subfield code="a">NLC</subfield>
    <subfield code="b">eng</subfield>
    <subfield code="c">NLC</subfield>
    <subfield code="e">rda</subfield>
    <subfield code="d">OCLCO</subfield>
    <subfield code="d">BDX</subfield>
    <subfield code="d">BTCTA</subfield>
    <subfield code="d">YDXCP</subfield>
    <subfield code="d">OCLCF</subfield>
    <subfield code="d">OCLCO</subfield>
    <subfield code="d">TOH</subfield>
    <subfield code="d">UNA</subfield>
    <subfield code="d">OCLCQ</subfield>
    <subfield code="d">EYM</subfield>
    <subfield code="d">CBY</subfield>
    <subfield code="d">LTSCA</subfield>
    <subfield code="d">DLC</subfield>
  </datafield>
  <datafield tag="042" ind1=" " ind2=" ">
    <subfield code="a">lccopycat</subfield>
  </datafield>
  <datafield tag="043" ind1=" " ind2=" ">
    <subfield code="a">a-ir---</subfield>
  </datafield>
  <datafield tag="050" ind1="0" ind2="0">
    <subfield code="a">BP192.7 .I68</subfield>
    <subfield code="b">M34 2016</subfield>
  </datafield>
  <datafield tag="082" ind1="0" ind2="4">
    <subfield code="a">297.8/20955</subfield>
    <subfield code="2">23</subfield>
  </datafield>
  <datafield tag="100" ind1="1" ind2=" ">
    <subfield code="a">Mahallati, Mohammad Jafar Amir,</subfield>
    <subfield code="d">1952-</subfield>
    <subfield code="e">author.</subfield>
  </datafield>
  <datafield tag="245" ind1="1" ind2="0">
    <subfield code="a">Ethics of war and peace in Iran and Shiʻi Islam /</subfield>
    <subfield code="c">Mohammad Jafar Amir Mahallati.</subfield>
  </datafield>
  <datafield tag="264" ind1=" " ind2="1">
    <subfield code="a">Toronto :</subfield>
    <subfield code="b">University of Toronto Press,</subfield>
    <subfield code="c">[2016]</subfield>
  </datafield>
  <datafield tag="264" ind1=" " ind2="4">
    <subfield code="c">©2016</subfield>
  </datafield>
  <datafield tag="300" ind1=" " ind2=" ">
    <subfield code="a">xii, 351 pages ;</subfield>
    <subfield code="c">24 cm</subfield>
  </datafield>
  <datafield tag="336" ind1=" " ind2=" ">
    <subfield code="a">text</subfield>
    <subfield code="b">txt</subfield>
    <subfield code="2">rdacontent</subfield>
  </datafield>
  <datafield tag="337" ind1=" " ind2=" ">
    <subfield code="a">unmediated</subfield>
    <subfield code="b">n</subfield>
    <subfield code="2">rdamedia</subfield>
  </datafield>
  <datafield tag="338" ind1=" " ind2=" ">
    <subfield code="a">volume</subfield>
    <subfield code="b">nc</subfield>
    <subfield code="2">rdacarrier</subfield>
  </datafield>
  <datafield tag="504" ind1=" " ind2=" ">
    <subfield code="a">Includes bibliographical references and index.</subfield>
  </datafield>
  <datafield tag="505" ind1="0" ind2=" ">
    <subfield code="a">Preface and acknowledgments. Introduction. Part 1 The ethics of war and peace in Iran: epic literature, philosophy, theology, and chivalry : The ethics of war and peace in epic Persian literature: Shahnameh of Ferdowsi -- Iranian classical thinkers on war and peace: a select view -- War and chivalry in the annals of Iranian history and ethical imagination -- Modern Iranian intellectuals on the ethics of enmity and nonviolence. Part 2 The Jihad jurisprudence: its developments and critics in Iran : War and peace in Shi&apos;i primary narratives and sources -- Traditional Shi&apos;i ethics of war and peace untested: Jihad, ideology, revolution, and war -- Postwar revision and the reconstruction of modern Iranian Shi&apos;i ethics of war and peace -- Terrorism and Shi&apos;i theologies of martyrdom, nonviolence, and forgiveness -- Diplomacy in between nuclear technology and antibomb theology. Conclusion: beyond a minority mentality: the emerging Shi&apos;i-Iranian cosmopolitanism. Appendix 1: &quot;Jihad:&quot; a historical overview of the concept and its politics (English translation of an article published in the &quot;Great Islamic Encyclopedia,&quot; first edition, Iran) -- Appendix 2: &quot;Jang&quot; (war; Persian): laws in war according to Twelver-Shi&apos;i jurisprudence (English translation of an article published in the &quot;Great Islamic Encyclopedia,&quot; first edition, Iran) -- Appendix 3: Iran&apos;s official position on war crimes by Daesh -- Appendix 4: advice and guiding to the fighters on the battlefields: a Shi&apos;i manual. Notes -- Bibliography -- Index.</subfield>
  </datafield>
  <datafield tag="520" ind1=" " ind2=" ">
    <subfield code="a">Nearly four decades after a revolution, experiencing one of the longest wars in contemporary history, facing political and ideological threats by regional radicals such as ISIS and the Taliban, and having succeeded in negotiations with six world powers over her nuclear program, Iran appears as an experienced Muslim country seeking to build bridges with its Sunni neighbours as well as with the West. &quot;Ethics of War and Peace in Iran and Shi&apos;i Islam explores the wide spectrum of theoretical approaches and practical attitudes concerning the justifications, causes and conduct of war in Iranian-Shi&apos;i culture. By examining primary and secondary sources, and investigating longer lasting factors and questions over circumstantial ones, Mohammad Jafar Amir Mahallati seeks to understand modern Iranian responses to war and peace. His work is the first in its field to look into the ethics of war and peace in Iran and Shi&apos;i Islam. It provides a prism through which the binary source of the Iranian national and religious identity informs Iranian responses to modernity. By doing so, the author reveals that a civilization-conscious soul in modern Iran is re-emerging. --</subfield>
    <subfield code="c">Provided by the publisher</subfield>
  </datafield>
  <datafield tag="650" ind1=" " ind2="0">
    <subfield code="a">War</subfield>
    <subfield code="x">Moral and ethical aspects</subfield>
    <subfield code="z">Iran.</subfield>
  </datafield>
  <datafield tag="650" ind1=" " ind2="0">
    <subfield code="a">Peace</subfield>
    <subfield code="x">Moral and ethical aspects</subfield>
    <subfield code="z">Iran.</subfield>
  </datafield>
  <datafield tag="650" ind1=" " ind2="0">
    <subfield code="a">War</subfield>
    <subfield code="x">Religious aspects</subfield>
    <subfield code="x">Islam.</subfield>
  </datafield>
  <datafield tag="650" ind1=" " ind2="0">
    <subfield code="a">Peace</subfield>
    <subfield code="x">Religious aspects</subfield>
    <subfield code="x">Islam.</subfield>
  </datafield>
  <datafield tag="650" ind1=" " ind2="0">
    <subfield code="a">Shīʻah</subfield>
    <subfield code="z">Iran.</subfield>
  </datafield>
  <datafield tag="650" ind1=" " ind2="0">
    <subfield code="a">Shiites</subfield>
    <subfield code="z">Iran.</subfield>
  </datafield>
  <datafield tag="650" ind1=" " ind2="0">
    <subfield code="a">Jihad.</subfield>
  </datafield>
  <datafield tag="650" ind1=" " ind2="7">
    <subfield code="a">Jihad.</subfield>
    <subfield code="2">fast</subfield>
    <subfield code="0">(OCoLC)fst00983599</subfield>
  </datafield>
  <datafield tag="650" ind1=" " ind2="7">
    <subfield code="a">Peace</subfield>
    <subfield code="x">Moral and ethical aspects.</subfield>
    <subfield code="2">fast</subfield>
    <subfield code="0">(OCoLC)fst01055780</subfield>
  </datafield>
  <datafield tag="650" ind1=" " ind2="7">
    <subfield code="a">Peace</subfield>
    <subfield code="x">Religious aspects</subfield>
    <subfield code="x">Islam.</subfield>
    <subfield code="2">fast</subfield>
    <subfield code="0">(OCoLC)fst01055808</subfield>
  </datafield>
  <datafield tag="650" ind1=" " ind2="7">
    <subfield code="a">Shīʻah.</subfield>
    <subfield code="2">fast</subfield>
    <subfield code="0">(OCoLC)fst01117946</subfield>
  </datafield>
  <datafield tag="650" ind1=" " ind2="7">
    <subfield code="a">Shiites.</subfield>
    <subfield code="2">fast</subfield>
    <subfield code="0">(OCoLC)fst01115976</subfield>
  </datafield>
  <datafield tag="650" ind1=" " ind2="7">
    <subfield code="a">War</subfield>
    <subfield code="x">Moral and ethical aspects.</subfield>
    <subfield code="2">fast</subfield>
    <subfield code="0">(OCoLC)fst01170352</subfield>
  </datafield>
  <datafield tag="650" ind1=" " ind2="7">
    <subfield code="a">War</subfield>
    <subfield code="x">Religious aspects</subfield>
    <subfield code="x">Islam.</subfield>
    <subfield code="2">fast</subfield>
    <subfield code="0">(OCoLC)fst01170389</subfield>
  </datafield>
  <datafield tag="651" ind1=" " ind2="7">
    <subfield code="a">Iran.</subfield>
    <subfield code="2">fast</subfield>
    <subfield code="0">(OCoLC)fst01204889</subfield>
  </datafield>
</record>