
<record>
  <leader>03279cam a22003737i 4500</leader>
  <controlfield tag="001">19428483</controlfield>
  <controlfield tag="005">20200103150955.0</controlfield>
  <controlfield tag="008">170104s2016    mau      b    001 0 eng  </controlfield>
  <datafield tag="906" ind1=" " ind2=" ">
    <subfield code="a">7</subfield>
    <subfield code="b">cbc</subfield>
    <subfield code="c">orignew</subfield>
    <subfield code="d">1</subfield>
    <subfield code="e">ecip</subfield>
    <subfield code="f">20</subfield>
    <subfield code="g">y-gencatlg</subfield>
  </datafield>
  <datafield tag="925" ind1="0" ind2=" ">
    <subfield code="a">acquire</subfield>
    <subfield code="b">1 shelf copy</subfield>
    <subfield code="x">policy default</subfield>
  </datafield>
  <datafield tag="955" ind1=" " ind2=" ">
    <subfield code="b">rm13 2017-01-04</subfield>
    <subfield code="c">rm13 2017-01-04</subfield>
    <subfield code="d">rm03 2017-01-11</subfield>
    <subfield code="e">rm11 2017-01-12 to Dewey</subfield>
    <subfield code="w">xm06 2017-01-13</subfield>
    <subfield code="a">xn08 2017-02-06 1 copy rec&apos;d., to CIP ver.</subfield>
    <subfield code="f">rm06 2017-03-20 to CALM</subfield>
  </datafield>
  <datafield tag="010" ind1=" " ind2=" ">
    <subfield code="a">  2016042757</subfield>
  </datafield>
  <datafield tag="020" ind1=" " ind2=" ">
    <subfield code="a">9789004335431 (hardback : alk. paper)</subfield>
  </datafield>
  <datafield tag="020" ind1=" " ind2=" ">
    <subfield code="z">9789004335448 (e-book)</subfield>
  </datafield>
  <datafield tag="040" ind1=" " ind2=" ">
    <subfield code="a">DLC</subfield>
    <subfield code="b">eng</subfield>
    <subfield code="c">DLC</subfield>
    <subfield code="e">rda</subfield>
    <subfield code="d">DLC</subfield>
  </datafield>
  <datafield tag="043" ind1=" " ind2=" ">
    <subfield code="a">ed-----</subfield>
  </datafield>
  <datafield tag="050" ind1="0" ind2="0">
    <subfield code="a">HB2085.A3</subfield>
    <subfield code="b">A27 2016</subfield>
  </datafield>
  <datafield tag="082" ind1="0" ind2="0">
    <subfield code="a">304.809496/0903</subfield>
    <subfield code="2">23</subfield>
  </datafield>
  <datafield tag="245" ind1="0" ind2="0">
    <subfield code="a">Across the Danube :</subfield>
    <subfield code="b">southeastern Europeans and their travelling identities (17th-19th C.) /</subfield>
    <subfield code="c">edited by Olga Katsiardi-Hering, Maria A. Stassinopoulou.</subfield>
  </datafield>
  <datafield tag="264" ind1=" " ind2="1">
    <subfield code="a">Boston :</subfield>
    <subfield code="b">Brill,</subfield>
    <subfield code="c">[2017]</subfield>
  </datafield>
  <datafield tag="300" ind1=" " ind2=" ">
    <subfield code="a">vii, 330 pages ;</subfield>
    <subfield code="c">25 cm.</subfield>
  </datafield>
  <datafield tag="336" ind1=" " ind2=" ">
    <subfield code="a">text</subfield>
    <subfield code="b">txt</subfield>
    <subfield code="2">rdacontent</subfield>
  </datafield>
  <datafield tag="337" ind1=" " ind2=" ">
    <subfield code="a">unmediated</subfield>
    <subfield code="b">n</subfield>
    <subfield code="2">rdamedia</subfield>
  </datafield>
  <datafield tag="338" ind1=" " ind2=" ">
    <subfield code="a">volume</subfield>
    <subfield code="b">nc</subfield>
    <subfield code="2">rdacarrier</subfield>
  </datafield>
  <datafield tag="490" ind1="0" ind2=" ">
    <subfield code="a">Studies in global migration history ;</subfield>
    <subfield code="v">Volume 9</subfield>
  </datafield>
  <datafield tag="490" ind1="0" ind2=" ">
    <subfield code="a">Studies in global social history ;</subfield>
    <subfield code="v">Volume 27</subfield>
  </datafield>
  <datafield tag="504" ind1=" " ind2=" ">
    <subfield code="a">Includes bibliographical references (pages 296-314) and index.</subfield>
  </datafield>
  <datafield tag="505" ind1="0" ind2=" ">
    <subfield code="a">Introduction / Olga Katsiardi-Hering and Maria A. Stassinopoulou -- Routes and spaces -- Greek immigrants in Central Europe : a concise study of migration routes from the Balkans to the territories of the Hungarian kingdom (from the late 17th to the early 19th century) / Ikaros Mantouvalos -- Migrations and the creation of Orthodox cultural and artistic networks between the Balkans and the Habsburg lands (17th-19th centuries) / Nenad Makuljevic -- Connecting migration and identities : godparenthood, surety and Greeks in the Russian empire (18th - early 19th centuries) / Iannis Carras -- Greeks in Vienna : a close reading -- Greek migration in Vienna (18th - first half of the 19th century) : a success story? / Vaso Seirinidou -- Greek presence in Habsburg Vienna : heyday and decline / Anna Ransmayr -- Endowments as instruments of integration and memory in an urban environment : the Panadi building in Vienna / Maria A. Stassinopoulou -- Old settlements, nation states, new networks -- In search of the promised land : Bulgarian settlers in the Banat (18th-19th centuries) / Lyubomir Klimentov Georgiev -- &quot;Chasing away the Greeks&quot; : the state-prince and the undesired foreigners (Wallachia and Moldavia between the 16th and 18th centuries) / Lidia Cotovanu -- Foreign migrant communities in the Danubian ports of Braila and Galati (1829-1914) / Constantin Ardeleanu -- From tolerance to exclusion? : the Romanian elites&apos; stance towards immigration to the Danubian principalities (1829-880s) / Dimitrios M. Kontogeorgis -- Selected bibliography -- Index.</subfield>
  </datafield>
  <datafield tag="650" ind1=" " ind2="0">
    <subfield code="a">Migration, Internal</subfield>
    <subfield code="z">Balkan Peninsula</subfield>
    <subfield code="x">History.</subfield>
  </datafield>
  <datafield tag="650" ind1=" " ind2="0">
    <subfield code="a">Balkan Peninsula</subfield>
    <subfield code="x">Emigration and immigration</subfield>
    <subfield code="x">History.</subfield>
  </datafield>
  <datafield tag="700" ind1="1" ind2=" ">
    <subfield code="a">Katsiardē-Hering, Olga,</subfield>
    <subfield code="e">editor.</subfield>
  </datafield>
  <datafield tag="700" ind1="1" ind2=" ">
    <subfield code="a">Stassinopoulou, Maria A.,</subfield>
    <subfield code="d">1961-</subfield>
    <subfield code="e">editor.</subfield>
  </datafield>
  <datafield tag="776" ind1="0" ind2="8">
    <subfield code="i">Online version:</subfield>
    <subfield code="t">Across the Danube</subfield>
    <subfield code="d">Boston : Brill, [2017]</subfield>
    <subfield code="z">9789004335448</subfield>
    <subfield code="w">(DLC) 2017001773</subfield>
  </datafield>
  <datafield tag="963" ind1=" " ind2=" ">
    <subfield code="a">Karen Cullen; phone: +31-71-5353500; email: cullen@brill.com; bc: berg@brill.com</subfield>
  </datafield>
</record>