
<record>
  <leader>06470cam a22003497i 4500</leader>
  <controlfield tag="001">19428774</controlfield>
  <controlfield tag="005">20200103150956.0</controlfield>
  <controlfield tag="008">170105t20162016ne a     b    001 0 eng c</controlfield>
  <datafield tag="906" ind1=" " ind2=" ">
    <subfield code="a">7</subfield>
    <subfield code="b">cbc</subfield>
    <subfield code="c">pccadap</subfield>
    <subfield code="d">2</subfield>
    <subfield code="e">ncip</subfield>
    <subfield code="f">20</subfield>
    <subfield code="g">y-gencatlg</subfield>
  </datafield>
  <datafield tag="925" ind1="0" ind2=" ">
    <subfield code="a">acquire</subfield>
    <subfield code="b">1 shelf copy</subfield>
    <subfield code="x">policy default</subfield>
  </datafield>
  <datafield tag="955" ind1=" " ind2=" ">
    <subfield code="b">rm04 2017-01-05 z-processor</subfield>
    <subfield code="i">rm06 2017-01-13 to Dewey</subfield>
  </datafield>
  <datafield tag="010" ind1=" " ind2=" ">
    <subfield code="a">  2016498005</subfield>
  </datafield>
  <datafield tag="020" ind1=" " ind2=" ">
    <subfield code="a">9780128003404 (paperback)</subfield>
  </datafield>
  <datafield tag="020" ind1=" " ind2=" ">
    <subfield code="a">0128003405 (paperback)</subfield>
  </datafield>
  <datafield tag="035" ind1=" " ind2=" ">
    <subfield code="a">(OCoLC)ocn911073524</subfield>
  </datafield>
  <datafield tag="040" ind1=" " ind2=" ">
    <subfield code="a">BTCTA</subfield>
    <subfield code="b">eng</subfield>
    <subfield code="c">BTCTA</subfield>
    <subfield code="e">rda</subfield>
    <subfield code="d">YDXCP</subfield>
    <subfield code="d">CHVBK</subfield>
    <subfield code="d">CDX</subfield>
    <subfield code="d">WSU</subfield>
    <subfield code="d">OCLCO</subfield>
    <subfield code="d">OCLCF</subfield>
    <subfield code="d">SINLB</subfield>
    <subfield code="d">GUL</subfield>
    <subfield code="d">OCLCQ</subfield>
    <subfield code="d">GYG</subfield>
    <subfield code="d">DLC</subfield>
  </datafield>
  <datafield tag="050" ind1="0" ind2="0">
    <subfield code="a">HD58.6</subfield>
    <subfield code="b">.S95 2016</subfield>
  </datafield>
  <datafield tag="100" ind1="1" ind2=" ">
    <subfield code="a">Sylvester, Ken,</subfield>
    <subfield code="e">author.</subfield>
  </datafield>
  <datafield tag="245" ind1="1" ind2="0">
    <subfield code="a">Negotiating in the leadership zone /</subfield>
    <subfield code="c">Ken Sylvester, Colorado Springs, CO, USA.</subfield>
  </datafield>
  <datafield tag="264" ind1=" " ind2="1">
    <subfield code="a">Amsterdam ;</subfield>
    <subfield code="a">Boston :</subfield>
    <subfield code="b">Elsevier, Academic Press is and Imprint of Elsevier,</subfield>
    <subfield code="c">[2016]</subfield>
  </datafield>
  <datafield tag="264" ind1=" " ind2="4">
    <subfield code="c">©2016</subfield>
  </datafield>
  <datafield tag="300" ind1=" " ind2=" ">
    <subfield code="a">xviii, 228 pages :</subfield>
    <subfield code="b">illustrations ;</subfield>
    <subfield code="c">23 cm</subfield>
  </datafield>
  <datafield tag="336" ind1=" " ind2=" ">
    <subfield code="a">text</subfield>
    <subfield code="b">txt</subfield>
    <subfield code="2">rdacontent</subfield>
  </datafield>
  <datafield tag="337" ind1=" " ind2=" ">
    <subfield code="a">unmediated</subfield>
    <subfield code="b">n</subfield>
    <subfield code="2">rdamedia</subfield>
  </datafield>
  <datafield tag="338" ind1=" " ind2=" ">
    <subfield code="a">volume</subfield>
    <subfield code="b">nc</subfield>
    <subfield code="2">rdacarrier</subfield>
  </datafield>
  <datafield tag="504" ind1=" " ind2=" ">
    <subfield code="a">Includes bibliographical references (pages 213-219) and index.</subfield>
  </datafield>
  <datafield tag="505" ind1="0" ind2=" ">
    <subfield code="a">Section I: The mind of the leader-negotiator -- 1. The case for the leader-as-negotiator -- Introduction: The need for leader-negotiators -- Four prominent leadership theories -- Explaining the world from one point of view is a perfect formula for failure -- The leader-negotiator diagram -- 2. Attributes for effective leader-negotiators -- Introduction -- Three powers of effective L-Ns -- The five attributes -- In conclusion -- 3. Systems-3 leadership -- Dispelling two leadership myths -- The challenge of where we are: Do you know what you are leading? Do you know what the context of your organization is? -- The three organizational zones: The S-3 leadership model -- Organizational puzzles -- Zone blindness -- Team competence -- Section II: Identifying assumptions using effective questioning (EQ) -- 4. Introduction to effective questioning (EQ) -- Introduction: Contextual intelligence -- What is effective questioning and how is it used? -- Is EQ a solution for all leadership demands? -- Application of EQ -- When solving problems, what needs to be seen? -- What is the cause for 433 organizational failures? -- What is the importance of questions versus statements? -- Six core principles of EQ -- What is the &quot;Politeness barrier?&quot; -- 5. Using effective questioning strategically -- Thinking and perception -- Avoiding oversimplification -- Generating alternatives -- Two interconnected, yet distinct components of EQ -- Data collection and classification -- The nine assumptions that result in thinking errors -- Applying EQ -- The Niagara-Medina exercise -- 6. Win-win and win-lose in the leadership zone -- An introduction to the win-win and win-lose philosophies -- So where are you? -- A comparison of competitive and collaboration organizations -- How to implement a collaborative negotiation -- Section III: Negotiating in the leadership zone -- 7. The power and influence of frames -- What is a frame? Frames are mental models -- Frame recognition -- The awesome power of the listening ear: Six frames that filter information -- Everything is context-dependent -- Shifting frames -- Four frames and reframes -- Rarely is a single frame adequate for solving complex problems -- Review: One-Size does not fit all -- Return to Kansas -- 8. Perspectives on strategy -- The bulletproof leader-negotiator -- So what makes for a successful leader-negotiator? -- What is strategy? -- Three negotiation strategies -- Overview of negotiation planning -- Strategic advantages, disadvantages, and contradictions -- Multitasking -- Relevant context -- There are no tactics or strategies for all time -- Twelve conditions for effective negotiations -- The three decisions -- &quot;Air&quot; -- The relationship among strategy, policy, and resources -- Reality check -- 9. Perspectives on the use of tactics-refer to Appendix D: Thirty tactics -- A word of caution about selecting tactics -- Selecting and using tactics: Six important considerations -- Evaluating the use of tactics -- Three tactics to overcome gridlock -- Twenty-five alternatives to an impasse -- Five tactical methods -- 10. Troubleshooting the collaborative process -- Introduction: Facilitating the collaborative process -- Enhancing collaboration -- Perspectives on how to facilitate synergistic opportunities -- Establishing common ground -- Balanced power -- The dilemma of trust, honesty, and openness -- Five approaches that help promote trust. Section IV: Managing conflict -- 11. The context of conflict -- Introduction to the context of conflict -- What causes conflict? -- JABs -- J̲udgments, A̲ttributes, and B̲lame -- Reasons for conflict -- Three observations -- Seven positive outcomes of conflict -- Dysfunctional outcomes of conflict -- The escalation of conflict -- Concluding statement about the complexity of conflict -- 12. Diagnosing and managing conflict -- Introduction -- Overview of six conflict theories -- Diagnosing conflict is both a science and an art -- Personal attachment theory -- Seven reasons conflict and suggested actions -- Methods and skills for managing conflict -- Three keys to understanding other&apos;s perspectives and their positions -- Suggestions for disarming disagreements: Ask E-questions -- Closure -- Section V. Hidden traps -- 13. Closing words: Hidden traps -- Ten traps that influence an L-N&apos;s thinking -- Section VI: Appendices.</subfield>
  </datafield>
  <datafield tag="520" ind1=" " ind2=" ">
    <subfield code="a">How do leaders become better negotiators? Much has been written about leadership, and negotiating skills have long been the subject of academics and business consultants. This book brings negotiations and leadership together for the first time, building separate insights for about them into practical, applied lessons and tools that can be used immediately. Leaders will find unique cases, examples, and insights for high-stakes and routine negotiations alike. Mixing a readable, non-jargon approach with real-world stories and wide applicability, the authors use their 50+ years of experience as business owners, negotiation consultants, and teachers to convey the fundamental logic and strategies underlying negotiations. The results are more than convincing. -- from back cover.</subfield>
  </datafield>
  <datafield tag="650" ind1=" " ind2="0">
    <subfield code="a">Negotiation in business.</subfield>
  </datafield>
  <datafield tag="650" ind1=" " ind2="0">
    <subfield code="a">Leadership.</subfield>
  </datafield>
  <datafield tag="650" ind1=" " ind2="7">
    <subfield code="a">Leadership.</subfield>
    <subfield code="2">fast</subfield>
    <subfield code="0">(OCoLC)fst00994701</subfield>
  </datafield>
  <datafield tag="650" ind1=" " ind2="7">
    <subfield code="a">Negotiation in business.</subfield>
    <subfield code="2">fast</subfield>
    <subfield code="0">(OCoLC)fst01035573</subfield>
  </datafield>
</record>