
<record>
  <leader>01859cam a22004217i 4500</leader>
  <controlfield tag="001">19434590</controlfield>
  <controlfield tag="005">20200103150957.0</controlfield>
  <controlfield tag="008">161222s2016    ch a   e b   s000 0dchi  </controlfield>
  <datafield tag="906" ind1=" " ind2=" ">
    <subfield code="a">7</subfield>
    <subfield code="b">cbc</subfield>
    <subfield code="c">origres</subfield>
    <subfield code="d">4</subfield>
    <subfield code="e">ncip</subfield>
    <subfield code="f">20</subfield>
    <subfield code="g">y-nonroman</subfield>
  </datafield>
  <datafield tag="925" ind1="0" ind2=" ">
    <subfield code="a">acquie</subfield>
    <subfield code="b">1 shelf copy</subfield>
    <subfield code="x">policy default</subfield>
  </datafield>
  <datafield tag="955" ind1=" " ind2=" ">
    <subfield code="a">cc16 2017-02-28 z-processor JACKPHY</subfield>
    <subfield code="h">cc17 2017-05-02</subfield>
    <subfield code="e">cc17 2017-05-02 to CALM</subfield>
    <subfield code="a">slin 2017-10-25 received in Asian Div.</subfield>
  </datafield>
  <datafield tag="010" ind1=" " ind2=" ">
    <subfield code="a">  2016515865</subfield>
  </datafield>
  <datafield tag="020" ind1=" " ind2=" ">
    <subfield code="a">9789860486469</subfield>
    <subfield code="q">(ping zhuang)</subfield>
  </datafield>
  <datafield tag="020" ind1=" " ind2=" ">
    <subfield code="a">9860486468</subfield>
    <subfield code="q">(ping zhuang)</subfield>
  </datafield>
  <datafield tag="040" ind1=" " ind2=" ">
    <subfield code="a">DLC</subfield>
    <subfield code="b">eng</subfield>
    <subfield code="c">DLC</subfield>
    <subfield code="e">rda</subfield>
  </datafield>
  <datafield tag="050" ind1="0" ind2="0">
    <subfield code="a">MLCSC 2017/40004 (N)</subfield>
  </datafield>
  <datafield tag="100" ind1="1" ind2=" ">
    <subfield code="6">880-02</subfield>
    <subfield code="a">Cai, Zhiding,</subfield>
    <subfield code="d">1975-</subfield>
  </datafield>
  <datafield tag="880" ind1="1" ind2=" ">
    <subfield code="6">100-02</subfield>
    <subfield code="a">蔡志定,</subfield>
    <subfield code="d">1975-</subfield>
  </datafield>
  <datafield tag="245" ind1="1" ind2="0">
    <subfield code="6">880-03</subfield>
    <subfield code="a">Tainan hu zhi gong yi yan jiu /</subfield>
    <subfield code="c">Cai Zhiding, Zheng Fengsui zhu.</subfield>
  </datafield>
  <datafield tag="880" ind1="1" ind2="0">
    <subfield code="6">245-03</subfield>
    <subfield code="a">臺南糊紙工藝研究 /</subfield>
    <subfield code="c">蔡志定, 鄭豐穗著</subfield>
  </datafield>
  <datafield tag="250" ind1=" " ind2=" ">
    <subfield code="6">880-04</subfield>
    <subfield code="a">Chu ban.</subfield>
  </datafield>
  <datafield tag="880" ind1=" " ind2=" ">
    <subfield code="6">250-04</subfield>
    <subfield code="a">初版</subfield>
  </datafield>
  <datafield tag="264" ind1=" " ind2="1">
    <subfield code="6">880-05</subfield>
    <subfield code="a">Tainan Shi :</subfield>
    <subfield code="b">Tainan Shi zheng fu wen hua ju,</subfield>
    <subfield code="c">Minguo 105 [2016].</subfield>
  </datafield>
  <datafield tag="880" ind1=" " ind2="1">
    <subfield code="6">264-05</subfield>
    <subfield code="a">臺南市 :</subfield>
    <subfield code="b">臺南市政府文化局,</subfield>
    <subfield code="c">民國105 [2016].</subfield>
  </datafield>
  <datafield tag="300" ind1=" " ind2=" ">
    <subfield code="a">285 pages :</subfield>
    <subfield code="b">color illustrations ;</subfield>
    <subfield code="c">21cm.</subfield>
  </datafield>
  <datafield tag="336" ind1=" " ind2=" ">
    <subfield code="a">text</subfield>
    <subfield code="b">txt</subfield>
    <subfield code="2">rdacontent</subfield>
  </datafield>
  <datafield tag="337" ind1=" " ind2=" ">
    <subfield code="a">unmediated</subfield>
    <subfield code="b">n</subfield>
    <subfield code="2">rdamedia</subfield>
  </datafield>
  <datafield tag="338" ind1=" " ind2=" ">
    <subfield code="a">volume</subfield>
    <subfield code="b">nc</subfield>
    <subfield code="2">rdacarrier</subfield>
  </datafield>
  <datafield tag="490" ind1="1" ind2=" ">
    <subfield code="6">880-07</subfield>
    <subfield code="a">Da Tainan wen hua cong shu. Di 4 ji, Gong yi wen hua zhuan ji ;</subfield>
    <subfield code="v">C040</subfield>
  </datafield>
  <datafield tag="880" ind1="1" ind2=" ">
    <subfield code="6">490-07</subfield>
    <subfield code="a">大臺南文化叢書. 第4輯, 工藝文化專輯 ;</subfield>
    <subfield code="v">C040</subfield>
  </datafield>
  <datafield tag="504" ind1=" " ind2=" ">
    <subfield code="a">Includes bibliographical references (pages 279-283).</subfield>
  </datafield>
  <datafield tag="650" ind1=" " ind2="0">
    <subfield code="a">Handicraft</subfield>
    <subfield code="z">Taiwan</subfield>
    <subfield code="z">Tainan City.</subfield>
  </datafield>
  <datafield tag="650" ind1=" " ind2="0">
    <subfield code="a">Folk art</subfield>
    <subfield code="z">Taiwan</subfield>
    <subfield code="z">Tainan City.</subfield>
  </datafield>
  <datafield tag="700" ind1="1" ind2=" ">
    <subfield code="6">880-11</subfield>
    <subfield code="a">Zheng, Fengsui,</subfield>
    <subfield code="d">1979-</subfield>
  </datafield>
  <datafield tag="880" ind1="1" ind2=" ">
    <subfield code="6">700-11</subfield>
    <subfield code="a">鄭豐穗,d1979-</subfield>
  </datafield>
  <datafield tag="830" ind1=" " ind2="0">
    <subfield code="6">880-12</subfield>
    <subfield code="a">Da Tainan wen hua cong shu.</subfield>
    <subfield code="n">Di 4 ji,</subfield>
    <subfield code="p">Gong yi wen hua zhuan ji ;</subfield>
    <subfield code="v">C040.</subfield>
  </datafield>
  <datafield tag="880" ind1=" " ind2="0">
    <subfield code="6">830-12</subfield>
    <subfield code="a">大臺南文化叢書.</subfield>
    <subfield code="n">第4輯,</subfield>
    <subfield code="p">工藝文化專輯 ;</subfield>
    <subfield code="v">C040.</subfield>
  </datafield>
  <datafield tag="923" ind1=" " ind2=" ">
    <subfield code="s">LEXIS</subfield>
  </datafield>
</record>