
<record>
  <leader>02450cam a22003977i 4500</leader>
  <controlfield tag="001">19436667</controlfield>
  <controlfield tag="005">20200103150958.0</controlfield>
  <controlfield tag="008">170111s2016    ie a     b    001 0 eng  </controlfield>
  <datafield tag="906" ind1=" " ind2=" ">
    <subfield code="a">7</subfield>
    <subfield code="b">cbc</subfield>
    <subfield code="c">origres</subfield>
    <subfield code="d">2</subfield>
    <subfield code="e">ncip</subfield>
    <subfield code="f">20</subfield>
    <subfield code="g">y-gencatlg</subfield>
  </datafield>
  <datafield tag="925" ind1="0" ind2=" ">
    <subfield code="a">acquire</subfield>
    <subfield code="b">1 shelf copy</subfield>
    <subfield code="x">policy default</subfield>
  </datafield>
  <datafield tag="955" ind1=" " ind2=" ">
    <subfield code="b">rk11 2017-01-11 z-processor</subfield>
    <subfield code="i">rk11 2017-01-11 to Dewey</subfield>
  </datafield>
  <datafield tag="010" ind1=" " ind2=" ">
    <subfield code="a">  2016461045</subfield>
  </datafield>
  <datafield tag="020" ind1=" " ind2=" ">
    <subfield code="a">9781911024262</subfield>
    <subfield code="q">hardcover</subfield>
  </datafield>
  <datafield tag="020" ind1=" " ind2=" ">
    <subfield code="a">1911024264</subfield>
    <subfield code="q">hardcover</subfield>
  </datafield>
  <datafield tag="020" ind1=" " ind2=" ">
    <subfield code="a">9781911024354</subfield>
    <subfield code="q">paperback</subfield>
  </datafield>
  <datafield tag="020" ind1=" " ind2=" ">
    <subfield code="a">1911024353</subfield>
    <subfield code="q">paperback</subfield>
  </datafield>
  <datafield tag="040" ind1=" " ind2=" ">
    <subfield code="a">DLC</subfield>
    <subfield code="b">eng</subfield>
    <subfield code="e">rda</subfield>
    <subfield code="c">DLC</subfield>
    <subfield code="d">DLC</subfield>
  </datafield>
  <datafield tag="043" ind1=" " ind2=" ">
    <subfield code="a">e-ie---</subfield>
  </datafield>
  <datafield tag="050" ind1="0" ind2="0">
    <subfield code="a">N6787</subfield>
    <subfield code="b">.I75 2016</subfield>
  </datafield>
  <datafield tag="245" ind1="0" ind2="0">
    <subfield code="a">Irish fine art in the early modern period :</subfield>
    <subfield code="b">new perspectives on artistic practice, 1620-1820 /</subfield>
    <subfield code="c">edited by Jane Fenlon, Ruth Kenny, Caroline Pegum, Brendan Rooney.</subfield>
  </datafield>
  <datafield tag="264" ind1=" " ind2="1">
    <subfield code="a">Newbridge, County Kildare :</subfield>
    <subfield code="b">Irish Academic Press,</subfield>
    <subfield code="c">2016.</subfield>
  </datafield>
  <datafield tag="300" ind1=" " ind2=" ">
    <subfield code="a">xix, 256 pages :</subfield>
    <subfield code="b">illustrations (some color) ;</subfield>
    <subfield code="c">24 cm</subfield>
  </datafield>
  <datafield tag="336" ind1=" " ind2=" ">
    <subfield code="a">text</subfield>
    <subfield code="b">txt</subfield>
    <subfield code="2">rdacontent</subfield>
  </datafield>
  <datafield tag="336" ind1=" " ind2=" ">
    <subfield code="a">still image</subfield>
    <subfield code="b">sti</subfield>
    <subfield code="2">rdacontent</subfield>
  </datafield>
  <datafield tag="337" ind1=" " ind2=" ">
    <subfield code="a">unmediated</subfield>
    <subfield code="b">n</subfield>
    <subfield code="2">rdamedia</subfield>
  </datafield>
  <datafield tag="338" ind1=" " ind2=" ">
    <subfield code="a">volume</subfield>
    <subfield code="b">nc</subfield>
    <subfield code="2">rdacarrier</subfield>
  </datafield>
  <datafield tag="504" ind1=" " ind2=" ">
    <subfield code="a">Includes bibliographical references and index.</subfield>
  </datafield>
  <datafield tag="520" ind1="8" ind2=" ">
    <subfield code="a">This richly illustrated book presents the latest research into Irish fine art from the 17th and 18th centuries. It is comprised of a rich selection of case studies into artistic practice that showcase the burgeoning nature of fine art media in Ireland, the quality of production, and the breadth of patronage. Investigating these signifiers of a &apos;cultured&apos; lifestyle - their production, consumption, appreciation, display, and discourse - provides fascinating insights into the sensibility of Ireland&apos;s minority-rule elites, and the practitioners it fostered. Featuring contributions from emergent and established art historians, &apos;Irish Fine Art in the Early Modern Period&apos; takes its subject matter beyond the realms of academic journals, exhibitions and conferences, and presents it within a lavishly designed and vital publication that presents substantial new insights into Ireland&apos;s artistic and social history.</subfield>
  </datafield>
  <datafield tag="650" ind1=" " ind2="0">
    <subfield code="a">Art, Irish</subfield>
    <subfield code="y">17th century.</subfield>
  </datafield>
  <datafield tag="650" ind1=" " ind2="0">
    <subfield code="a">Art, Irish</subfield>
    <subfield code="y">18th century.</subfield>
  </datafield>
  <datafield tag="650" ind1=" " ind2="0">
    <subfield code="a">Art and society</subfield>
    <subfield code="z">Ireland</subfield>
    <subfield code="x">History</subfield>
    <subfield code="y">17th century.</subfield>
  </datafield>
  <datafield tag="650" ind1=" " ind2="0">
    <subfield code="a">Art and society</subfield>
    <subfield code="z">Ireland</subfield>
    <subfield code="x">History</subfield>
    <subfield code="y">18th century.</subfield>
  </datafield>
  <datafield tag="700" ind1="1" ind2=" ">
    <subfield code="a">Fenlon, Jane,</subfield>
    <subfield code="e">editor.</subfield>
  </datafield>
  <datafield tag="700" ind1="1" ind2=" ">
    <subfield code="a">Kenny, Ruth,</subfield>
    <subfield code="e">editor.</subfield>
  </datafield>
  <datafield tag="700" ind1="1" ind2=" ">
    <subfield code="a">Pegum, Caroline,</subfield>
    <subfield code="e">editor.</subfield>
  </datafield>
  <datafield tag="700" ind1="1" ind2=" ">
    <subfield code="a">Rooney, Brendan,</subfield>
    <subfield code="e">editor.</subfield>
  </datafield>
</record>