
<record>
  <leader>03138cam a22004577i 4500</leader>
  <controlfield tag="001">19451930</controlfield>
  <controlfield tag="005">20200103121319.0</controlfield>
  <controlfield tag="008">160421s2015    pe ab    b    000 0 spa c</controlfield>
  <datafield tag="906" ind1=" " ind2=" ">
    <subfield code="a">7</subfield>
    <subfield code="b">cbc</subfield>
    <subfield code="c">pccadap</subfield>
    <subfield code="d">2</subfield>
    <subfield code="e">ncip</subfield>
    <subfield code="f">20</subfield>
    <subfield code="g">y-gencatlg</subfield>
  </datafield>
  <datafield tag="925" ind1="0" ind2=" ">
    <subfield code="a">acquire</subfield>
    <subfield code="b">1 shelf copy</subfield>
    <subfield code="x">policy default</subfield>
  </datafield>
  <datafield tag="955" ind1=" " ind2=" ">
    <subfield code="b">bg12 2017-05-09 to ALAWE/SA</subfield>
    <subfield code="b">bc12 2017-08-31 z-processor</subfield>
    <subfield code="i">bc12 2017-09-13 (telework)</subfield>
    <subfield code="e">bc12 2017-09-19 to BCCD (ABAchecked &amp; Labeled)</subfield>
  </datafield>
  <datafield tag="010" ind1=" " ind2=" ">
    <subfield code="a">  2016512868</subfield>
  </datafield>
  <datafield tag="020" ind1=" " ind2=" ">
    <subfield code="a">9786124231025</subfield>
  </datafield>
  <datafield tag="020" ind1=" " ind2=" ">
    <subfield code="a">6124231026</subfield>
  </datafield>
  <datafield tag="035" ind1=" " ind2=" ">
    <subfield code="a">(OCoLC)ocn950980712</subfield>
  </datafield>
  <datafield tag="040" ind1=" " ind2=" ">
    <subfield code="a">H7K</subfield>
    <subfield code="b">eng</subfield>
    <subfield code="c">H7K</subfield>
    <subfield code="e">rda</subfield>
    <subfield code="d">OCLCO</subfield>
    <subfield code="d">OCLCF</subfield>
    <subfield code="d">FUG</subfield>
    <subfield code="d">PIT</subfield>
    <subfield code="d">DLC</subfield>
  </datafield>
  <datafield tag="043" ind1=" " ind2=" ">
    <subfield code="a">s-pe---</subfield>
  </datafield>
  <datafield tag="050" ind1="0" ind2="0">
    <subfield code="a">F3429.1.H828</subfield>
    <subfield code="b">O35 2015</subfield>
  </datafield>
  <datafield tag="100" ind1="1" ind2=" ">
    <subfield code="a">Ochatoma Paravicino, José,</subfield>
    <subfield code="e">author.</subfield>
  </datafield>
  <datafield tag="245" ind1="1" ind2="3">
    <subfield code="a">El área sagrada de Wari :</subfield>
    <subfield code="b">investigaciones arqueológicas en Vegachayuq Moqo /</subfield>
    <subfield code="c">José Ochatoma Paravicino, Martha Cabrera Romero, Carlos Mancilla Rojas.</subfield>
  </datafield>
  <datafield tag="246" ind1="3" ind2="0">
    <subfield code="a">Investigaciones arqueológicas en Vegachayuq Moqo.</subfield>
  </datafield>
  <datafield tag="250" ind1=" " ind2=" ">
    <subfield code="a">Primera edición.</subfield>
  </datafield>
  <datafield tag="264" ind1=" " ind2="1">
    <subfield code="a">Ayacucho, Perú :</subfield>
    <subfield code="b">Universidad Nacional de San Cristóbal de Huamanga; Vicerectorado de Investigación,</subfield>
    <subfield code="c">2015.</subfield>
  </datafield>
  <datafield tag="264" ind1=" " ind2="4">
    <subfield code="c">©2015</subfield>
  </datafield>
  <datafield tag="300" ind1=" " ind2=" ">
    <subfield code="a">156 pages :</subfield>
    <subfield code="b">illustrations, maps ;</subfield>
    <subfield code="c">32 cm.</subfield>
  </datafield>
  <datafield tag="336" ind1=" " ind2=" ">
    <subfield code="a">text</subfield>
    <subfield code="b">txt</subfield>
    <subfield code="2">rdacontent</subfield>
  </datafield>
  <datafield tag="337" ind1=" " ind2=" ">
    <subfield code="a">unmediated</subfield>
    <subfield code="b">n</subfield>
    <subfield code="2">rdamedia</subfield>
  </datafield>
  <datafield tag="338" ind1=" " ind2=" ">
    <subfield code="a">volume</subfield>
    <subfield code="b">nc</subfield>
    <subfield code="2">rdacarrier</subfield>
  </datafield>
  <datafield tag="504" ind1=" " ind2=" ">
    <subfield code="a">Includes bibliographical references (pages 155-156).</subfield>
  </datafield>
  <datafield tag="505" ind1="8" ind2=" ">
    <subfield code="a">Introducción -- Ubicación -- El entorno geográfico -- Antecedentes de las investigaciones en Wari -- El urbanismo en la ciudad de Wari -- La arquitectura del poder -- Los palacios -- Los mausoleos y galerías funerarias subterráneas -- El área sagrada de Vegachayuq Moqo -- Propuesta de secuencia ocupacional a partir de Vegachayuq Moqo -- La ocupación Huarpa La ocupación Huari -- La Fase Temprana -- El recinto de las columnas y hornacinas -- Espacio arquitectónico n 16 -- Espacio arquitectónico n EA 1A -- El pasadizo -- La Fase intermedia -- El recinto ceremonial en D -- El intiqawana o reloj solar -- Intrusiones en el pìso -- Arquitectura de la estructura en D -- El patio y la poza colectora de agua -- Los acueductos -- Columnas líticas, bloques megaliticos y canal ritual -- La mesa astronómica -- Las ofrendas -- Recinto con muro de piedra labrada -- Tumbas en cámara y cistas -- La Fase tardía -- El recinto circular -- Conjunto residencial del lado sureste -- Espacio arquitectónico n 6 -- Espacio arquitectónico n 15 -- Espacio arquitectónico n 12 -- Depósitos y almacenes -- Comentarios finales.</subfield>
  </datafield>
  <datafield tag="546" ind1=" " ind2=" ">
    <subfield code="a">In Spanish.</subfield>
  </datafield>
  <datafield tag="650" ind1=" " ind2="0">
    <subfield code="a">Huari Indians</subfield>
    <subfield code="x">Antiquities.</subfield>
  </datafield>
  <datafield tag="650" ind1=" " ind2="0">
    <subfield code="a">Excavations (Archaeology)</subfield>
    <subfield code="z">Peru</subfield>
    <subfield code="z">Ayacucho (Department)</subfield>
  </datafield>
  <datafield tag="650" ind1=" " ind2="0">
    <subfield code="a">Indians of South America</subfield>
    <subfield code="z">Peru</subfield>
    <subfield code="z">Ayacucho (Department)</subfield>
    <subfield code="x">Antiquities.</subfield>
  </datafield>
  <datafield tag="651" ind1=" " ind2="0">
    <subfield code="a">Ayacucho (Peru : Department)</subfield>
    <subfield code="x">Antiquities.</subfield>
  </datafield>
  <datafield tag="651" ind1=" " ind2="0">
    <subfield code="a">Huari Site (Peru)</subfield>
  </datafield>
  <datafield tag="700" ind1="1" ind2=" ">
    <subfield code="a">Mancilla Rojas, Carlos,</subfield>
    <subfield code="e">author.</subfield>
  </datafield>
  <datafield tag="700" ind1="1" ind2=" ">
    <subfield code="a">Cabrera Romero, Martha,</subfield>
    <subfield code="e">author.</subfield>
  </datafield>
  <datafield tag="710" ind1="2" ind2=" ">
    <subfield code="a">Universidad Nacional de San Cristóbal de Huamanga.</subfield>
    <subfield code="b">Vicerectorado de Investigación,</subfield>
    <subfield code="e">issuing body.</subfield>
  </datafield>
  <datafield tag="923" ind1=" " ind2=" ">
    <subfield code="d">20170104</subfield>
    <subfield code="n">-7805</subfield>
    <subfield code="s">PE-LiEIC</subfield>
  </datafield>
  <datafield tag="985" ind1=" " ind2=" ">
    <subfield code="e">VENDOR LOAD</subfield>
  </datafield>
</record>