
<record>
  <leader>04231cam a22003617i 4500</leader>
  <controlfield tag="001">19452077</controlfield>
  <controlfield tag="005">20200103151009.0</controlfield>
  <controlfield tag="008">170103s2016    bo a     b    000 0 spa c</controlfield>
  <datafield tag="906" ind1=" " ind2=" ">
    <subfield code="a">7</subfield>
    <subfield code="b">cbc</subfield>
    <subfield code="c">pccadap</subfield>
    <subfield code="d">2</subfield>
    <subfield code="e">ncip</subfield>
    <subfield code="f">20</subfield>
    <subfield code="g">y-gencatlg</subfield>
  </datafield>
  <datafield tag="925" ind1="0" ind2=" ">
    <subfield code="a">acquire</subfield>
    <subfield code="b">1 shelf copy</subfield>
    <subfield code="x">policy default</subfield>
  </datafield>
  <datafield tag="955" ind1=" " ind2=" ">
    <subfield code="b">bd19 2017-02-21</subfield>
    <subfield code="b">bc12 2017-04-26 z-processor</subfield>
    <subfield code="i">bc12 2017-04-26 (telework)</subfield>
    <subfield code="e">bc12 2017-04-27 to BCCD (ABACheck &amp; Labeled)</subfield>
  </datafield>
  <datafield tag="010" ind1=" " ind2=" ">
    <subfield code="a">  2016488541</subfield>
  </datafield>
  <datafield tag="035" ind1=" " ind2=" ">
    <subfield code="a">(OCoLC)ocn980875993</subfield>
  </datafield>
  <datafield tag="040" ind1=" " ind2=" ">
    <subfield code="a">FUG</subfield>
    <subfield code="b">eng</subfield>
    <subfield code="c">FUG</subfield>
    <subfield code="e">rda</subfield>
    <subfield code="d">DLC</subfield>
  </datafield>
  <datafield tag="043" ind1=" " ind2=" ">
    <subfield code="a">s-bo---</subfield>
  </datafield>
  <datafield tag="050" ind1="0" ind2="0">
    <subfield code="a">HV6453.B6</subfield>
    <subfield code="b">D454 2016</subfield>
  </datafield>
  <datafield tag="100" ind1="1" ind2=" ">
    <subfield code="a">Delgado Mancilla, Abraham,</subfield>
    <subfield code="e">author.</subfield>
  </datafield>
  <datafield tag="245" ind1="1" ind2="0">
    <subfield code="a">Poder y masacre en El Alto :</subfield>
    <subfield code="b">la mafia sindical alteña /</subfield>
    <subfield code="c">A. D. Mancilla.</subfield>
  </datafield>
  <datafield tag="250" ind1=" " ind2=" ">
    <subfield code="a">Primera edición.</subfield>
  </datafield>
  <datafield tag="264" ind1=" " ind2="1">
    <subfield code="a">La Paz :</subfield>
    <subfield code="b">Viejo Topo,</subfield>
    <subfield code="c">2016.</subfield>
  </datafield>
  <datafield tag="300" ind1=" " ind2=" ">
    <subfield code="a">193 pages :</subfield>
    <subfield code="b">illustrations ;</subfield>
    <subfield code="c">21 cm</subfield>
  </datafield>
  <datafield tag="336" ind1=" " ind2=" ">
    <subfield code="a">text</subfield>
    <subfield code="b">txt</subfield>
    <subfield code="2">rdacontent</subfield>
  </datafield>
  <datafield tag="337" ind1=" " ind2=" ">
    <subfield code="a">unmediated</subfield>
    <subfield code="b">n</subfield>
    <subfield code="2">rdamedia</subfield>
  </datafield>
  <datafield tag="338" ind1=" " ind2=" ">
    <subfield code="a">volume</subfield>
    <subfield code="b">nc</subfield>
    <subfield code="2">rdacarrier</subfield>
  </datafield>
  <datafield tag="504" ind1=" " ind2=" ">
    <subfield code="a">Includes bibliographical references (pages 181-184)</subfield>
  </datafield>
  <datafield tag="505" ind1="0" ind2=" ">
    <subfield code="a">El Alto: Ciudad aymara y rebelde -- La Upea: Entre la historia y la dirigencia sindical corrupta -- Masacre del Ayer: La guerra del gas como carácter histórico de El Alto -- Organizaciones sociales y/o sindicales -- Las mafias sindicales en El Alto -- Los enredos de braulio rocha y su entorno -- Cronologia y descriptión de una masacte sindical en El Alto -- Los Tejidos del poder y la mega corrupción.</subfield>
  </datafield>
  <datafield tag="520" ind1=" " ind2=" ">
    <subfield code="a">&quot;Es grato presentar al público lector esta obra, escrita por un hermano dedicado a temas de investigaciún, quien con mucha valentia y conocimiento de la realidad social, cultural, economica y politica, aborda el tema de las organizaciones sociales altenas y su relaciún con los grupos de poder desde un punto de vista, no solo, histúrico, sino también ideolúgico (indianista-katarista), 10 que diferencia esta obra de  otras. Las organizaciones vecinales y sociales son los principales actores politicos en la Vida institucional e histúrica de esta ciudad. Son instituciones sindicales, que cumplen el rol social a favor de sus sectores, pero son en muchos casos esencialmente politicos, Por eso es importante la mirada que se hace en el texto sobre los procesos formativos de algunas organizaciones sindicales en la Vida de El Alto. Una visiún politica desde 10 aymara. Se adentra desde esa condiciún, en los tejidos sociales, cúmo algunas instituciones del ayllu se insertan en la Vida de las organizaciones sindicales. También es importante resaltar esa visiún cr itica y las sugerencias que se hacen para salvar la crisis institucional. La crisis institucional que sufren las organizaciones sociales, de las que habla el autor, ha generado 10 que él llama como las Mafias Sindicales alterhas. Haciendo notar las fortalezas histúricas y la resistencia de la  naciún aymara; pero también presenta debilidades y distorsiones que confrontan los dirigentes vecinales y gremiales, por cuanto los verdaderos dirigentes histúricos que lucharon contra los privilegios de la sociedad colonial y republicana, ahora se habrían visto atrapados en los tentäculos de la corrupciún estatal y municipal, propiciado por los partidos politicos y algunas empresas privadas, que socavaron la conciencia combativa de los dirigentes actuales, El contenido de este documento devela el caracter colonial de la derecha y desnuda la visiún populista (auto-definida como izquierda por el actual gobierno) por cuanto ambas tienen identidad colonial que no guardan relaciún con el pensamiento y las visiones que la ciudad tiene. Por eso concluye con la utopia alteña. Marcos Cuti C.&quot;</subfield>
  </datafield>
  <datafield tag="588" ind1=" " ind2=" ">
    <subfield code="a">This bibliographic record is available under the Creative Commons CC0 &quot;No Rights Reserved&quot; license. The University of Florida Libraries, as creator of this bibliographic record, has waived all rights to it worldwide under copyright law, including all related and neighboring rights, to the extent allowed by law.</subfield>
  </datafield>
  <datafield tag="650" ind1=" " ind2="0">
    <subfield code="a">Organized crime</subfield>
    <subfield code="x">Political aspects</subfield>
    <subfield code="z">Bolivia</subfield>
    <subfield code="z">El Alto.</subfield>
  </datafield>
  <datafield tag="650" ind1=" " ind2="0">
    <subfield code="a">Political corruption</subfield>
    <subfield code="z">Bolivia</subfield>
    <subfield code="z">El Alto.</subfield>
  </datafield>
  <datafield tag="650" ind1=" " ind2="0">
    <subfield code="a">Labor unions</subfield>
    <subfield code="z">Bolivia</subfield>
    <subfield code="z">El Alto</subfield>
    <subfield code="x">History.</subfield>
  </datafield>
  <datafield tag="923" ind1=" " ind2=" ">
    <subfield code="d">20170101</subfield>
    <subfield code="n">16473</subfield>
    <subfield code="s">BO-CbLA</subfield>
  </datafield>
  <datafield tag="985" ind1=" " ind2=" ">
    <subfield code="e">VENDOR LOAD</subfield>
  </datafield>
</record>